3442 5108
885 334 1061 393 -330-

458 476 508 542 Ad
535 475 745 561 quodcunque
767 480 854 541 meat
878 477 998 540 circum
1022 495 1039 539 e
1064 477 1195 560 regione
1217 477 1412 562 propinqua,
1436 476 1486 564 (l)

451 609 504 675 Sit
529 607 676 683 medium,
700 626 839 690 quanam
861 607 983 690 poteris
1006 607 1132 671 ratione
1155 605 1318 690 probaret

451 738 530 813 Quo·
551 737 672 802 sensui
697 758 760 821 qua
783 736 926 802 natural
950 737 1038 820 queis
1063 736 1195 820 denique
1217 735 1342 820 signis?

454 869 546 933 Unde
572 869 650 932 nihil
674 870 814 954 capiunt,
838 868 917 932 nihil
941 867 1027 932 unde
1051 886 1224 951 exposcere
1250 868 1392 951 possunt,

451 1003 502 1067 Ad
532 1022 627 1085 quam
651 1021 715 1064 non
740 1000 811 1064 ullis
834 999 1018 1064 referantur
1041 996 1173 1082 legibus,
1197 1002 1230 1060 et
1256 1012 1338 1075 quae

450 1130 555 1196 Solem
585 1127 745 1193 duntaxat
768 1128 862 1193 novit
885 1146 993 1190 rerum
1016 1144 1085 1189 esse
1109 1125 1285 1209 parentem,

451 1260 597 1332 Quarum
621 1260 689 1343 ipsa
717 1262 767 1323 est
791 1263 914 1323 mater:
940 1257 1035 1320 simili
1060 1276 1121 1339 qua
1145 1260 1243 1329 sorte,
1267 1253 1399 1338 planeta

450 1388 582 1472 Indigus
603 1394 651 1453 est
678 1389 789 1463 omnis,
815 1388 867 1471 qui
892 1389 1011 1452 circum
1036 1386 1114 1451 haec
1138 1387 1222 1452 atrio
1248 1384 1352 1449 currit

451 1516 616 1581 Consimili
642 1519 756 1600 specie;
782 1514 831 1601 (2)
855 1520 888 1579 et
914 1519 1096 1580 concretum
1122 1514 1266 1599 partibus
1292 1512 1422 1586 iisdem,

452 1645 614 1725 Quemque
640 1641 730 1707 decet
752 1648 864 1726 portus
888 1641 983 1705 simili
1007 1639 1044 1704 de
1067 1638 1154 1703 fonte
1179 1638 1301 1703 referre

451 1772 649 1840 Consimiles.
678 1771 793 1835 Nonne
818 1769 857 1834 od
881 1770 983 1835 lucem
1007 1769 1103 1842 diam,
1129 1777 1225 1852 atque
1250 1768 1389 1833 calorem

454 1911 521 1991 Est,
547 1917 583 1976 ut
607 1914 781 1975 vertantur
806 1907 866 1995 (3),
891 1909 1009 1994 potius,
1036 1907 1199 1991 legemque
1223 1900 1417 1989 capessunt?

451 2040 569 2104 Dicito:
594 2038 643 2124 (l)
668 2037 705 2101 ‹le
730 2057 863 2101 numero
889 2043 1051 2101 astrorum
1076 2042 1179 2108 tantu,
1203 2054 1244 2096 an
1269 2031 1354 2096 foret
1378 2050 1477 2094 unum

454 2167 545 2242 Quod
572 2168 628 2234 tibi
653 2167 801 2232 tellurem
826 2168 912 2231 circa
935 2165 1119 2250 confingere
1143 2165 1244 2250 possis

453 2299 614 2365 Continuo
641 2317 754 2361 norma
780 2298 912 2383 physice
937 2296 1118 2361 discurrere
1141 2293 1278 2360 eadem?

451 2427 628 2508 Postquam
656 2424 785 2508 vertigo
809 2421 977 2488 subtracta
1001 2428 1050 2489 est
1071 2423 1124 2486 illa
1147 2422 1272 2497 diurna,

452 2560 524 2632 Qua
547 2557 625 2621 nihil
652 2554 808 2639 estquod
832 2574 906 2629 non,
933 2552 1083 2637 quidquid
1107 2551 1167 2627 sibi
1190 2552 1326 2616 somniet
1350 2570 1419 2613 esse

452 2691 642 2775 Pergyrans
668 2689 726 2774 (ὃ),
751 2689 878 2772 quondo
905 2690 1067 2754 inversum
1092 2689 1475 2763 sori1·rneril,utnon

453 2821 579 2886 Sentiat
605 2834 674 2882 esse
699 2837 803 2896 suum,
829 2836 890 2899 quo
914 2816 1031 2880 abeant
1055 2817 1110 2880 illa
1133 2817 1250 2892 omnia,
1276 2815 1422 2880 motum?

453 2955 636 3032 Quamlibet
661 2953 750 3029 haec,
765 2952 860 3016 medii
883 2951 958 3015 dum
983 2952 1096 3015 circuit
1119 2952 1203 3014 atria
1226 2950 1311 3025 solis,

452 3091 520 3155 Hos
544 3107 629 3152 nuno
662 3084 785 3149 inlerne
809 3082 929 3157 rideat,
955 3101 1039 3146 nunc
1063 3101 1132 3145 esse
1156 3100 1302 3166 superne,

452 3221 648 3307 Conjunotos
681 3216 739 3280 soli
763 3234 883 3298 nempe,
902 3214 1147 3298 oppositosque:
1174 3210 1306 3294 ideoque
1330 3216 1378 3275 est

454 3347 556 3429 Quod,
582 3345 680 3410 solem
708 3342 951 3409 ci1·came‹linm
976 3341 1131 3426 gyrantia
1154 3346 1186 3405 ot
1210 3339 1276 3418 illa,

454 3477 523 3543 Nec
545 3475 654 3539 lunam
679 3477 805 3538 tantum
830 3469 998 3545 mirabere,
1025 3488 1106 3554 quae
1132 3488 1235 3533 comes
1258 3472 1291 3532 ot
1314 3488 1390 3552 pars

440 3718 470 3773 (l)
481 3718 567 3766 Quosto
577 3716 665 3771 riegola
675 3715 718 3759 ela
727 3716 859 3772 precedente
869 3728 979 3761 marcono
989 3717 1025 3759 uel
1034 3724 1100 3760 tosto.
1385 3776 1388 3783 Ι

443 3809 474 3865 (⁴2)
485 3808 501 3851 Il
512 3816 570 3853 testo
580 3810 609 3851 lia
619 3808 655 3865 qui
665 3821 709 3852 una
720 3808 825 3864 complice
835 3809 931 3865 virgolo3
941 3810 970 3853 ed
980 3810 995 3851 ll
1004 3818 1072 3866 punto
1083 3823 1096 3853 ο
1110 3810 1208 3865 νίτεοὶι,
1224 3810 1311 3863 iurene,
1325 3811 1382 3866 dopo
1399 3812 1487 3852 r'iulcnr.
1504 3811 1538 3852 llo

410 3907 511 3956 apostate
526 3902 548 3944 lu
558 3901 741 3957 punteggiururu,
752 3901 835 3957 perche
853 3902 868 3944 il
878 3914 944 3944 senso
954 3903 980 3943 e:
997 3908 1017 3943 el
1030 3914 1153 3956 quercuque,
1167 3907 1298 3945 concretum
1311 3901 1391 3944 liutem
1413 3903 1537 3955 ponnus,

413 3994 476 4036 decet
484 3995 572 4046 referre
582 4002 625 4037 etc.

442 4095 474 4152 (³)
485 4095 569 4143 Queslu
578 4094 667 4149 virgolo
676 4108 689 4137 e
698 4094 721 4137 lu
730 4093 865 4150 precedente
875 4106 985 4138 muucuno
993 4096 1029 4137 nol
1037 4102 1102 4139 testo.
1111 4095 1128 4137 ll
1135 4106 1201 4137 senso
1208 4095 1227 4136 t:
1238 4102 1355 4138 noirneesl
1362 4098 1447 4150 potins.
1460 4103 1486 4139 ul
1494 4103 1537 4138 etc.

443 4191 475 4248 (l)
486 4193 564 4240 Questi
572 4192 615 4235 clus
626 4192 689 4248 puuti
699 4205 809 4236 inuncans
819 4193 854 4235 nel
865 4199 931 4237 testo.

444 4292 475 4349 (5)
485 4294 572 4342 Quosts
588 4292 676 4347 virgula
685 4304 697 4335 e
707 4290 730 4335 ln
739 4290 874 4348 procedente
884 4302 994 4335 maucnuo
1005 4290 1040 4335 nol
1050 4296 1115 4335 testo.
