3442 5108
787 308 967 367 -337-

301 446 469 507 hensionem
491 444 521 503 in
536 448 704 503 contactum
720 440 976 500 circumferentiae
990 440 1224 516 protenduntur,
1246 459 1350 520 nempe
1370 460 1428 503 non

299 567 341 624 ita
355 570 400 624 est
414 565 490 623 ratio
505 563 583 622 iuter
596 561 657 635 AC,
674 562 732 634 CG,
747 559 824 633 GK3
840 559 918 619 sieut
932 560 1009 619 ratio
1024 564 1070 618 cst
1085 559 1162 620 inter
1176 560 1238 634 ΔΕ,
1254 559 1313 634 EF,
1329 561 1394 622 ΕΗ.

341 688 449 747 llicunt
464 687 601 746 tellurem
617 701 683 742 esse
697 683 727 740 in
740 682 845 755 medio,
860 687 890 741 et
902 683 957 741 hoc
978 682 1057 741 nulla
1073 682 1137 740 luce
1152 683 1354 743 demonstrare
1368 703 1432 761 pos·

300 813 369 868 sunt
385 825 488 866 corum
503 823 578 881 quae
588 805 819 863 circumcurrere
830 803 977 875 videntum
991 821 1085 878 neque
1100 802 1177 862 enim
1209 806 1429 881 ragnitudincm,

301 943 395 999 neque
410 928 507 982 metus
522 921 747 997 regularitatem
762 920 884 978 eandem
899 918 1034 995 planetae
1055 924 1177 978 servant
1196 921 1233 977 ad
1255 921 1358 994 illam,
1378 923 1429 981 sed

300 1044 344 1122 (et
359 1050 392 1103 ut
406 1061 506 1102 omnes
522 1061 638 1119 quoque
653 1039 854 1119 peripateticis
870 1038 973 1098 imbuti
989 1039 1139 1116 principiis
1161 1042 1360 1101 mathematici
1375 1041 1429 1099 ob·

299 1171 441 1240 serrant)
456 1167 494 1223 ud
509 1164 610 1223 solem.
625 1162 708 1226 Quod
730 1179 801 1220 vcro
816 1162 852 1219 ad
874 1159 951 1218 lixas
976 1159 1077 1218 stellas
1097 1160 1215 1230 attinet,
1236 1160 1365 1221 diximus
1386 1165 1428 1237 ut,

300 1284 507 1343 recedentibus
528 1285 565 1342 ab
579 1283 634 1341 hac
655 1280 780 1358 synodo,
795 1283 826 1338 ct
841 1278 870 1337 in
890 1277 1123 1355 magnitudinem
1138 1279 1208 1338 solis
1229 1278 1287 1338 alio
1309 1286 1428 1357 propter

301 1405 551 1484 propinquitatem
573 1403 753 1479 adsurgenle
767 1407 847 1461 astro
861 1446 868 1473 ‚
883 1401 927 1460 sol
943 1401 998 1460 iste
1013 1402 1136 1460 eandem
1149 1422 1206 1462 non
1221 1405 1353 1464 servabit
1366 1421 1427 1466 mo·

300 1527 367 1585 lem:
382 1527 406 1586 si
422 1526 529 1603 quippe
543 1526 572 1583 in
588 1522 706 1599 regione
721 1522 798 1581 oculi
812 1521 903 1581 Tauri
919 1537 1060 1594 essemus,
1075 1521 1124 1580 illo
1138 1526 1217 1581 essct
1232 1523 1314 1581 nobis
1329 1524 1382 1597 sol,
1396 1532 1427 1587 ct

298 1646 377 1705 circa
391 1645 474 1703 illum
489 1644 625 1720 planetae
647 1643 845 1702 discurrentes
861 1642 1051 1718 viderentur,
1076 1645 1167 1702 solem
1194 1662 1264 1703 vero
1286 1645 1376 1705 istum
1397 1649 1426 1707 in

298 1786 343 1839 ea,
359 1787 416 1842 qua
432 1767 515 1826 nobis
531 1766 599 1825 hine
619 1765 668 1824 illc
682 1768 817 1840 apparet,
831 1762 1036 1840 magnitudine
1050 1770 1227 1840 appa1¹eret;
1249 1770 1280 1825 et
1300 1769 1426 1842 telluris,

299 1891 544 1965 planetarumque
560 1890 685 1947 istorum
701 1904 757 1945 uon
773 1885 867 1962 magis
884 1904 987 1946 sensus
1003 1888 1080 1948 ullus
1095 1893 1194 1962 esset,
1209 1907 1298 1964 quam
1319 1908 1356 1950 ex
1371 1894 1427 1953 hoc

298 2012 362 2071 locu
377 2030 480 2072 sensus
497 2014 681 2089 planetarum
697 2011 815 2072 illorum
831 2031 895 2072 esse
909 2015 1011 2091 possit.

337 2132 479 2192 Arerrois
496 2134 745 2211 temperamenti
760 2140 829 2193 sunt
844 2135 887 2193 illi
903 2135 1059 2195 eeecntrici
1075 2151 1105 2196 ct
1120 2137 1236 2213 cpieicli
1252 2139 1330 2199 inter
1344 2144 1428 2220 peri·

298 2253 512 2329 paratheses
534 2255 717 2330 quorundam
736 2263 974 2315 astronomorum
995 2260 1254 2336 suppositionibus,
1270 2265 1366 2342 magis
1388 2268 1425 2327 ad

298 2377 532 2452 supputatoriam
554 2382 791 2442 commoditatem
812 2386 998 2458 adinventis,
1020 2405 1108 2462 quam
1123 2393 1284 2452 secundum
1306 2395 1348 2454 rei
1371 2415 1424 2455 na-

298 2503 399 2559 turam
414 2501 551 2561 creditis:
566 2504 616 2561 sed
632 2503 815 2562 insulsissimi
833 2505 997 2584 philosophi
1013 2509 1061 2567 ubi
1087 2520 1294 2589 compererunt
1315 2522 1425 2582 variari

297 2619 456 2679 diaructros
471 2621 635 2679 errantium
649 2638 741 2698 super
756 2622 872 2696 tellure,
894 2631 923 2683 et
939 2643 991 2702 per
1013 2646 1192 2706 consequens
1215 2653 1301 2697 ruere
1322 2659 1424 2702 omncs

296 2737 426 2797 rationes
441 2740 526 2797 medii
541 2785 548 2809 ,
571 2741 683 2812 centri,
705 2743 824 2816 quintae
839 2746 1006 2820 essentiae,
1028 2751 1231 2823 regularitatis
1246 2759 1311 2833 ejus
1328 2764 1424 2827 molus

298 2857 308 2924 (
322 2855 397 2912 unde
411 2861 571 2917 aeternitas
585 2861 715 2935 ejusdem
731 2872 936 2939 consequatur)
951 2870 1139 2943 continuitas,
1152 2884 1182 2931 ut
1199 2877 1222 2932 si
1240 2880 1287 2938 rel
1302 2883 1424 2946 minimo

299 2982 408 3052 prurieto
423 2978 625 3040 intenderetur
640 2984 687 3041 vel
703 2985 913 3060 remitteretur,
925 2992 963 3050 ad
978 2994 1066 3055 finem
1082 3004 1164 3059 certe
1181 3004 1302 3066 tendere
1318 3018 1425 3074 natura

299 3100 345 3158 vel
363 3100 503 3159 violentia
524 3108 697 3179 cogeretur:
719 3112 817 3166 metus
840 3110 947 3187 quippo
968 3116 1114 3176 naturalis
1137 3133 1241 3181 versus
1262 3127 1421 3190 terminum

299 3222 393 3294 magis
408 3216 580 3298 intenditur,
593 3227 758 3300 violentus(
764 3234 792 3311 l)
808 3251 879 3292 vero
895 3237 1117 3320 renrittitur;(2)
1132 3244 1262 3319 quinimo
1271 3254 1381 3310 tantam
1394 3253 1423 3313 ln

298 3361 419 3420 corporo
434 3342 515 3402 illua
529 3351 630 3403 centro
644 3351 848 3423 symmetriam
864 3353 1172 3421 circunrlerentialiuru
1191 3367 1320 3441 partium
1336 3374 1424 3433 ades·

298 3483 339 3534 se,
356 3470 387 3523 ut
401 3465 425 3523 si
441 3465 505 3541 quis
520 3467 566 3525 rel
578 3480 721 3544 <paraturum
737 3481 782 3533 est
796 3477 880 3535 unius
901 3477 1041 3541 formicae
1062 3488 1176 3561 pondus
1200 3490 1250 3548 uni
1271 3491 1334 3552 loeo
1356 3499 1422 3573 plus

299 3579 450 3655 adjiceret,
466 3583 696 3645 constitueretur
711 3589 818 3648 ibidem
833 3596 965 3669 potentia
979 3600 1015 3657 ad
1032 3603 1242 3664 retardandum
1255 3614 1377 3685 motum,
1392 3620 1424 3676 et

298 3709 510 3780 cousequenter
525 3708 561 3765 ad
583 3709 712 3785 quietem
731 3715 821 3773 totius
843 3722 933 3793 atquc
947 3719 1035 3780 finem
1050 3724 1217 3802 aliquanda
1235 3726 1282 3807 (3)
1303 3730 1370 3791 hine
1391 3739 1425 3795 ut

299 3829 490 3883 suerurcrent
505 3827 572 3887 huic
585 3829 687 3904 exitio,
702 3832 876 3896 laborarunt
896 3844 929 3898 ut
949 3840 1048 3918 aliquo
1070 3850 1154 3919 pacto
1170 3846 1422 3924 irregularitatem

328 4004 357 4057 (ll
368 4006 385 4047 ll
395 4011 453 4048 resto
463 4005 505 4049 ba:
521 4011 653 4056 rr'eleutr‘us.

327 4100 358 4155 (ἓ)
375 4102 417 4149 Qui
427 4101 441 4143 il
450 4109 508 4145 toste
519 4103 549 4147 ha
563 4118 591 4148 un
602 4116 675 4161 punto.

326 4196 358 4249 (3)
370 4197 411 4244 (riri
422 4197 436 4238 il
446 4206 502 4241 rouo
513 4200 542 4244 ha
554 4214 583 4244 un
594 4204 652 4247 altro
664 4214 739 4261 punto:
749 4222 785 4252 naa
796 4213 808 4249 r
819 4212 897 4256 chiara
905 4213 948 4258 cha
958 4215 972 4257 il
981 4228 1049 4259 senso
1059 4219 1173 4273 contiuua,
1189 4236 1201 4265 o
1212 4222 1255 4266 ebe
1263 4224 1278 4267 il
1292 4234 1399 4281 suggette
1412 4232 1425 4271 a

293 4299 380 4341 seurpre
391 4292 545 4335 irretiantur·
553 4295 694 4350 plnloaopnt.

1207 4390 1247 4449 43
