3442 5108
755 307 791 319 -
814 273 932 335 210-

328 464 381 530 Sic
403 465 524 528 circum
548 482 802 547 unumquemque
826 460 993 527 Phoebum
1017 459 1249 547 cytharoedum

327 596 441 659 Plures
464 593 647 659 discurrunt
670 592 840 677 Nymphae
863 591 1060 674 choreasque
1084 589 1299 674 frequentant,

326 729 413 803 Quas
430 729 479 816 (1)
503 732 618 814 vegeto
640 747 745 801 sensu,
768 747 807 792 ac
830 726 919 792 clara
940 726 1066 791 ratione
1090 714 1270 803 videmua'

326 862 460 938 Quando
475 883 573 929 unam
588 863 629 928 ad
644 882 788 927 normam
804 862 895 927 venit
910 860 1041 927 abstans
1064 866 1160 943 atque
1176 858 1402 944 propinquum,

323 995 392 1062 Nec
415 996 524 1061 variat
546 1014 696 1060 numerus
720 995 895 1080 primorum
918 992 1146 1077 principiorum

325 1125 528 1192 conformem
552 1127 584 1191 in
607 1128 740 1211 speciem
764 1131 800 1192 ut
823 1135 984 1212 nequeant
1007 1128 1185 1194 coalescere
1208 1125 1333 1212 ubique

323 1255 375 1322 Sic
398 1256 602 1322 meliorantes
626 1276 745 1321 vesana
768 1259 932 1343 protervia
955 1257 1065 1345 fruges

326 1387 399 1454 Non
424 1391 536 1473 perget
557 1392 725 1463 temerare,
750 1387 862 1452 volens
887 1407 925 1451 oa
948 1406 1094 1472 promere
1118 1407 1214 1452 sensu

324 1513 415 1587 Quae
438 1533 503 1578 non
526 1520 602 1580 sunt
625 1533 748 1591 sensns,
774 1512 822 1600 (2)
848 1520 945 1597 atque
968 1534 1065 1578 unum
1087 1513 1193 1578 dicere
1215 1511 1324 1590 solem,

323 1646 361 1710 In
385 1645 541 1728 lunaeque
565 1664 663 1709 unum
688 1643 801 1728 specie,
826 1641 951 1709 telluris
975 1648 1008 1708 et
1031 1662 1139 1720 unum;

322 1780 430 1846 Altius
454 1783 549 1864 atque
572 1779 654 1845 ullos
679 1782 724 1845 ita
746 1797 810 1843 non
835 1798 944 1843 errare
967 1778 1111 1862 planetas

321 1910 365 1976 Ut
387 1930 451 1974 non
476 1915 641 1995 apparent;
666 1913 698 1975 et
720 1909 767 1973 sol
791 1911 836 1976 ita
861 1929 994 1995 corpore
1016 1912 1130 1994 maior,

322 2039 375 2105 Sic
398 2059 481 2104 unus
504 2044 629 2106 tantum
654 2041 724 2115 siet,
751 2046 787 2106 ut
809 2039 988 2124 spectabilis
1012 2061 1094 2106 unus

321 2170 426 2236 Sensu
448 2189 556 2235 coram
580 2168 682 2254 inope,
709 2187 747 2233 ac
771 2168 866 2232 bruta
888 2170 1014 2234 ratione
1037 2189 1192 2254 represso,

320 2300 382 2374 Qui
405 2301 503 2366 solem
528 2321 570 2365 ex
593 2301 690 2368 astris
714 2302 787 2368 fixis
811 2321 874 2366 non
898 2304 1035 2388 concipit
1058 2321 1168 2383 unum,

320 2435 493 2520 Sideraque
517 2435 648 2503 totidem
672 2438 754 2502 soles
779 2457 861 2521 quae
885 2435 951 2501 fixa
974 2436 1138 2515 videntur,

319 2569 470 2654 Quaeque
493 2576 529 2638 ut
551 2571 722 2639 scintillent
745 2571 865 2655 species
889 2568 976 2634 rutili
1000 2567 1097 2634 elficit
1120 2569 1213 2653 ignis.

318 2698 424 2784 Major
447 2703 483 2765 ut
506 2701 628 2786 exigua
651 2701 804 2767 distantia
827 2699 908 2765 mole
935 2700 1039 2766 videri

321 2827 417 2912 Cogit
440 2837 476 2897 nt
498 2835 531 2896 et
555 2831 657 2896 nullas
681 2832 800 2897 circum
824 2833 1004 2898 discurrere
1029 2835 1147 2899 Lunas.

321 2955 365 3023 Ut
388 2959 474 3023 circa
497 2959 584 3025 hanc
607 2964 716 3027 navim
741 2965 849 3027 varias
871 2983 958 3028 mare
984 2963 1101 3029 findere
1128 2964 1260 3049 cymbas

319 3085 488 3165 Septimus,
512 3090 665 3176 cujusque
688 3092 783 3157 datur
806 3092 876 3158 loca
899 3112 989 3178 posse
1014 3099 1138 3168 notare,

316 3214 389 3281 Non
413 3217 458 3282 sic
482 3217 513 3280 in
537 3217 664 3301 reliquis
686 3219 782 3305 longe
804 3221 929 3306 lateque
952 3225 1083 3290 remotis

314 3343 401 3408 Idem
424 3347 451 3410 si
474 3344 531 3412 liat
553 3350 685 3432 pariter,
709 3354 893 3438 pariterque
916 3355 1079 3422 videmus:

314 3474 437 3540 Siccine
461 3475 598 3544 distante
623 3481 654 3544 in
678 3479 774 3565 sylva
798 3482 880 3547 male
902 3504 979 3549 sane
1004 3485 1129 3551 notabis

314 3606 359 3672 Ut
382 3609 467 3685 circa
489 3610 573 3679 hanc
587 3615 720 3711 *laurum
744 3616 855 3680 varias
878 3637 989 3683 errare
1014 3619 1182 3686 volucresl

314 3733 456 3801 Credere
478 3741 509 3804 te
533 3723 640 3804 tamen
664 3741 726 3806 hoc
744 3742 837 3828 jubet
858 3747 1056 3830 experientia
1080 3748 1191 3826 multa;

314 3866 375 3933 Vel
398 3868 515 3934 saltem
536 3890 556 3935 a
578 3871 675 3936 simili
697 3873 857 3959 stupidum
880 3877 1073 3961 suspendere
1095 3900 1232 3945 sensum.

314 3995 514 4074 Praediscas,
538 4020 577 4066 ne
599 4004 736 4066 naturae
761 4000 907 4070 breviata
929 4003 1067 4071 facultas

293 4222 324 4279 (1)
340 4206 484 4281 1111110111
500 4238 556 4281 qua.

293 4313 324 4371 (2)
335 4314 375 4359 Nel
384 4317 537 4374 acuminum
546 4320 605 4366 della
614 4322 709 4379 argon,
719 4324 758 4369 c'e
767 4337 797 4370 1111
806 4336 883 4385 punam
894 4344 906 4375 o
916 4330 962 4376 cosi
971 4333 1031 4389 uessli
1044 4333 1147 4379 alti-idua
1156 4335 1268 4380 inculces
1277 4348 1388 4393 aequone.
