3442 5108
797 352 975 414 -223...

367 540 516 605 Immensi
541 540 725 606 innumeras
751 542 856 627 templi
880 542 1057 610 inlustrant
1079 546 1236 630 regiones:

367 670 517 753 Principe
542 689 615 732 narn
640 675 730 734 tanto
755 675 847 734 tanta
869 676 919 735 est
941 688 1064 752 quoque
1087 674 1175 737 curia
1201 675 1309 759 digna,

366 798 434 864 Nec
457 818 646 883 quemquam
670 798 793 863 numeri
817 796 912 862 finem
935 796 1026 863 decet
1048 819 1116 865 esse
1141 800 1286 876 deorum,

365 928 452 1002 Quos
476 928 570 994 credo
594 933 703 995 tantos
726 927 837 993 divina
860 925 1013 992 animalia
1037 927 1170 993 mundos

364 1059 427 1133 Qui
450 1058 600 1127 volucres
623 1059 702 1124 coeli
725 1077 817 1123 sacro
842 1056 992 1122 dicuntur
1014 1057 1055 1122 ab
1078 1078 1145 1137 ore,

363 1186 421 1252 Est
445 1205 580 1270 quorum
603 1186 710 1251 nullus
733 1204 885 1250 numerus
910 1183 1048 1268 celsique
1073 1190 1230 1252 tonantes.

361 1318 455 1383 Esset
482 1324 518 1383 ut
543 1336 621 1402 ergo
644 1316 763 1381 malum
786 1315 860 1380 huic
882 1315 990 1399 spacio
1014 1334 1077 1379 non
1102 1336 1171 1382 esse
1194 1295 1363 1402 repletum}

362 1441 485 1526 Nempe
508 1441 586 1508 adeo
608 1447 779 1528 augustam
804 1441 918 1506 molem
941 1460 1005 1505 non
1029 1461 1099 1506 esse
1123 1448 1275 1525 creatam,

359 1570 411 1635 Sic
436 1568 517 1633 male
540 1588 604 1633 non
629 1567 684 1634 fiet
707 1569 829 1654 pariter
851 1567 1024 1651 spectabile
1047 1573 1169 1634 toturn:

359 1697 505 1782 Undique
527 1696 609 1762 enim
632 1698 731 1782 spacii
754 1701 803 1761 est
826 1696 937 1762 eadem
961 1704 1090 1779 natura,
1115 1698 1265 1764 voluntas

361 1820 521 1888 Efficienti
543 1820 661 1897 eadem,
687 1818 792 1885 forma
815 1825 848 1886 et
871 1820 1024 1888 subiectio
1049 1828 1206 1907 prompta.

350 2017 425 2077 Heio
439 2016 505 2093 quis
519 2016 585 2076 illas
600 2013 862 2094 Peripateticorum
877 2034 969 2093 nugas
985 2020 1150 2080 numerabit
1164 2020 1176 2078 l
1189 2020 1241 2080 Ait
1256 2022 1433 2084 Aristoteles

307 2136 339 2196 in
360 2134 585 2212 Acroam'aticis,
602 2136 716 2195 coelum
737 2153 800 2195 esse
821 2136 851 2194 iu
872 2136 936 2196 loeo
956 2153 1009 2214 per
1028 2137 1173 2197 accidens.
1200 2139 1257 2198 Sed
1278 2139 1358 2199 istud
1380 2160 1433 2219 per

307 2257 443 2317 accidens
467 2271 555 2330 qnam
577 2252 676 2313 varias
697 2252 822 2330 accipiat
843 2253 1054 2330 explicationes
1075 2255 1184 2316 videto.
1214 2257 1296 2316 Coeli
1317 2257 1432 2336 signifi·

307 2376 385 2437 catio
406 2373 558 2452 Simplicio
578 2373 704 2450 primum
727 2373 919 2450 distinguitur
942 2373 1031 2450 juxta
1062 2375 1261 2453 Aristotelem,
1283 2383 1316 2438 ut
1337 2383 1432 2457 primo
1503 2359 1504 2368 ἵ

306 2497 426 2556 denotet
448 2495 630 2566 universum,
650 2493 777 2554 secundo
798 2498 912 2571 partem
927 2495 964 2553 ab
978 2495 1191 2556 elementorum
1205 2499 1336 2575 sphaeris
1358 2502 1432 2561 reli÷

306 2636 403 2694 quam,
426 2610 514 2677 tertio
536 2616 683 2676 coelorum
705 2619 870 2674 extremum
889 2615 1003 2691 reliqua
1024 2617 1121 2674 omnia
1142 2616 1346 2695 complectens.
1361 2621 1428 2680 Pri-

305 2753 354 2795 ma
378 2735 591 2811 significatione
612 2738 657 2792 est
677 2732 708 2792 in
728 2732 792 2792 loco
813 2746 866 2809 per
885 2731 1028 2805 accidens,
1054 2733 1131 2792 idest
1158 2752 1211 2811 per
1231 2752 1299 2796 suas
1319 2743 1427 2814 partes,

304 2872 379 2931 quae
398 2858 467 2914 sunt
487 2853 601 2913 coellet
614 2853 769 2912 elementa.
785 2849 928 2922 Secundo,
944 2850 987 2929 (l)
1004 2850 1079 2910 idest
1093 2869 1147 2929 per
1158 2871 1225 2912 suos
1240 2856 1333 2929 orbes,
1354 2874 1427 2933 quo-

303 2998 369 3040 rum
392 2981 442 3039 alii
465 2981 502 3039 ad
524 2979 597 3039 alios
618 2979 769 3038 finiuntur.
791 2976 892 3036 Tertio
914 2978 999 3036 modo
1022 2995 1115 3053 neque
1135 2996 1188 3055 per
1208 2999 1249 3055 se,
1264 2998 1359 3056 neque
1372 3000 1426 3060 per

301 3100 437 3160 accidens
459 3105 504 3160 est
523 3101 552 3160 in
573 3100 647 3173 loco;
662 3099 714 3158 sed
733 3116 787 3176 per
807 3116 838 3157 se
859 3102 905 3158 est
918 3098 1030 3175 primus
1044 3097 1135 3171 locus,
1150 3099 1189 3158 ibi
1203 3100 1281 3160 enim
1303 3106 1349 3163 est
1369 3121 1422 3162 su·

301 3223 437 3301 perficies
459 3221 589 3300 corporis
609 3221 707 3280 omnia
727 3218 911 3278 continentis.
939 3216 1090 3276 Gilbertus
1111 3218 1291 3279 Porretanus
1306 3221 1372 3280 vult
1385 3221 1422 3280 il-

300 3346 350 3405 lud
365 3341 413 3422 (2)
427 3361 491 3403 esse
513 3343 542 3401 in
564 3342 628 3401 loco
643 3359 696 3417 per
708 3340 851 3412 accidens,
872 3339 948 3398 idest
961 3354 1015 3416 per
1035 3336 1220 3414 superficiem
1233 3339 1343 3414 proprii
1358 3355 1424 3397 cor·

299 3469 377 3546 poris
398 3482 570 3537 convexam,
593 3481 680 3541 quem
700 3480 800 3522 omues
821 3461 886 3520 ideo
908 3460 1064 3521 exsibilant
1079 3461 1273 3538 peripatetici,
1287 3461 1357 3539 quia
1371 3480 1421 3521 en·

299 3591 446 3670 perficiem
468 3590 549 3649 illam
570 3592 686 3666 oportet
706 3606 774 3647 cum
795 3587 912 3665 proprio
933 3587 1064 3665 subjecto
1079 3604 1199 3665 corpore
1211 3605 1274 3647 esse
1289 3587 1424 3647 mobilis-

298 3710 412 3783 simum,
432 3709 529 3769 locum
550 3725 621 3768 vero
640 3706 816 3768 Aristoteles
831 3707 937 3784 ubique
959 3709 1023 3768 vult
1040 3726 1104 3767 esse
1117 3707 1304 3781 immobilem,
1319 3725 1375 3767 non
1392 3706 1422 3766 in

296 3832 437 3909 subjecto,
446 3832 496 3891 sed
511 3836 597 3891 extra
610 3832 773 3911 subjectum
783 3830 837 3908 (3),
853 3832 1046 3908 attingentem
1062 3830 1239 3891 immediate.
1254 3834 1423 3907 Avempace

296 3952 446 4031 hispanus,
466 3971 532 4012 cum
554 3953 712 4013 Aristotele
735 3953 870 4013 ultimum
885 3954 997 4013 coelum
1012 3958 1148 4012 octavam
1162 3951 1318 4029 sphaeram
1339 3950 1422 4010 intel·

325 4133 355 4190 (l)
365 4135 410 4184 Qui
420 4135 479 4179 deve
489 4136 589 4192 ripetemi
599 4138 636 4182 ιιιιΙ
644 4138 702 4182 altra
713 4138 822 4194 voltaper
832 4138 947 4192 accidens,
957 4137 1087 4181 traluciato
1097 4138 1206 4180 natrano.

323 4234 353 4288 (2)
364 4235 381 4276 ll
390 4241 448 4278 tosto
458 4236 494 4279 he:
504 4237 580 4280 (llum.
592 4237 716 4292 stanna,
730 4237 812 4294 porche
820 4237 839 4281 si
849 4235 950 4281 riserisce
963 4250 978 4282 a
991 4240 1091 4282 coelum.

322 4319 354 4375 (3)
365 4319 398 4363 La
413 4321 500 4377 virgola
511 4321 546 4365 nel
554 4329 613 4366 testo
623 4334 666 4365 non
681 4323 729 4376 δὲ,
740 4322 817 4367 edane
826 4323 897 4368 cndu
905 4323 951 4380 qui,
960 4323 1042 4380 perche
1052 4323 1173 4367 Aristotele
1187 4323 1237 4367 dice
1251 4323 1299 4366 coel
1309 4335 1315 4366 ε
1333 4311 1362 4370 τὸ
1375 4313 1421 4371 τοῦ

294 4409 472 4492 περιέχοντες
486 4410 573 4494 πέρκς
584 4409 707 4484 ἀκίνητον
719 4423 829 4496 πρῶτον.
