3442 5108
881 305 999 363 -244
1026 338 1058 345 —

400 511 435 557 re
456 495 535 552 huno
556 491 697 550 muudum
719 494 749 550 ot
771 489 891 562 ornari,
911 489 955 548 ita
975 492 1005 548 et
1025 487 1120 547 simile
1137 487 1330 563 quodcunque
1346 484 1477 564 spacium
1491 487 1528 544 ab

400 618 463 695 ipso
482 614 669 684 indifferens,
697 612 784 671 simili
811 629 868 671 non
888 613 1006 670 absente
1028 611 1189 688 principio,
1212 611 1338 670 similem
1352 610 1528 687 concepisse.

401 732 518 794 XVIII.
534 735 744 792 Ornamentum
759 732 842 790 istius
854 731 1106 808 spacii‚iiujusquo
1118 731 1218 789 muudi
1230 730 1370 808 perfectio
1385 728 1458 788 nihil
1473 734 1529 800 est,

402 855 480 930 quod
501 853 591 912 addat
605 853 651 911 sol
666 853 820 911 subtrahat
834 851 882 910 vel
902 850 1095 910 sufficientiae
1110 854 1157 910 vel
1177 851 1367 927 indigentiae,
1379 849 1424 928 (1)
1440 868 1528 926 prae·

401 984 463 1039 stet
483 983 654 1038 ornamento
669 984 757 1055 atque
772 979 940 1056 perfectioni
957 979 1031 1038 alius
1045 980 1244 1056 cujuscunque
1258 977 1358 1055 spacii,
1373 975 1528 1051 quominus

403 1118 459 1157 uon
475 1100 517 1158 ita
530 1098 645 1157 actuari
660 1098 764 1174 exigat
785 1099 1132 1174 illud‚qua1nactuatuni
1157 1119 1256 1158 rerum
1281 1099 1461 1175 plenitudino
1486 1097 1527 1157 sit

403 1219 490 1279 istud.
505 1220 591 1278 XIX.
606 1221 650 1278 Iio
665 1221 718 1278 deo
735 1226 762 1278 et
783 1222 819 1279 de
835 1227 940 1280 natura
955 1240 1040 1296 quani
1056 1221 1164 1298 optime
1178 1221 1370 1281 sentiendum.
1393 1221 1463 1280 XX.
1485 1221 1527 1279 Do

403 1341 490 1397 rebus
515 1339 652 1397 mammis
677 1339 747 1397 nihil
773 1345 883 1398 temero
914 1342 988 1398 citra
1012 1359 1129 1400 sensum
1155 1346 1243 1417 atque
1267 1342 1412 1403 rationem
1427 1339 1530 1400 defen·

410 1456 546 1515 dentium.

446 1579 532 1637 Hisce
549 1579 591 1637 ita
605 1581 825 1652 constantibus,
840 1582 1023 1657 probandum
1037 1587 1083 1641 est
1096 1582 1276 1641 arivcrsario.
1302 1583 1323 1640 1.
1344 1599 1406 1640 osso
1421 1579 1482 1639 vim
1498 1582 1530 1638 ot

406 1714 525 1754 eausam
540 1742 547 1768 ,
562 1716 620 1773 qua
635 1698 749 1756 infinita
763 1699 892 1756 essentia
906 1705 993 1774 atquo
1009 1701 1139 1775 potentia
1153 1700 1236 1759 sinito
1250 1704 1404 1776 operetur:
1420 1698 1458 1759 11.
1473 1716 1531 1774 qua

406 1823 545 1877 constare
560 1820 652 1895 possit
667 1821 797 1896 potentia
812 1822 910 1880 activa
934 1822 1049 1881 infinita
1071 1842 1137 1880 cnm
1163 1824 1359 1900 possibilitate
1383 1823 1467 1883 finita
1487 1841 1531 1881 ro·

407 1960 482 2000 rum:
506 1940 559 2001 ΙΙΙ.
576 1961 632 2016 qua
646 1989 652 2014 ‚
668 1945 766 2019 spacio
788 1946 863 2019 quod
880 1946 933 2001 hoo
956 1945 1062 2003 mundo
1078 1947 1197 2003 absente
1218 1942 1534 2021 coinp1¹endiniuS,cui

408 2064 503 2122 siruilo
529 2082 644 2140 semper
668 2064 825 2140 accipimus
849 2081 934 2135 esso,
956 2065 1075 2124 minime
1099 2065 1176 2123 ultra
1198 2064 1345 2139 adjectum
1361 2062 1453 2141 possIt
1467 2081 1532 2122 esso

407 2181 547 2258 spacium:
576 2182 629 2244 IV.
644 2202 711 2259 qua,
726 2188 788 2242 tota
801 2186 924 2244 ruateriu
944 2190 988 2243 est
1011 2187 1096 2244 tinita
1120 2191 1149 2245 ct
1175 2187 1305 2261 margine
1330 2185 1408 2244 iliius
1429 2184 1531 2244 extimi

408 2304 481 2362 coeii
499 2304 717 2381 comprehensu:
733 2307 768 2365 V.
785 2324 852 2383 qua
865 2310 943 2368 Deus
958 2329 1013 2368 non
1030 2312 1094 2370 vuit
1108 2315 1252 2385 (putantum
1267 2315 1372 2387 potest:
1388 2329 1456 2385 qua,
1470 2329 1534 2370 osso

408 2426 507 2504 plures
530 2428 584 2485 hoc.
606 2427 688 2486 nobis
702 2429 857 2489 manifesto
872 2434 1005 2504 mundos
1021 2455 1076 2493 non
1092 2434 1130 2493 sit
1145 2435 1331 2494 conveniens.
1353 2435 1407 2493 VI.
1428 2434 1534 2493 Ncees-

408 2548 525 2607 sttatom
543 2548 571 2606 in
587 2551 648 2608 Deo
663 2550 741 2608 aliud
765 2569 828 2610 esse
842 2572 860 2610 a
873 2552 1018 2614 libertato.
1035 2556 1101 2614 VII.
1117 2555 1284 2612 Potentiam
1301 2573 1366 2612 cnm
1380 2554 1534 2612 voluutato

409 2672 438 2725 et
452 2667 565 2726 actione
582 2687 638 2725 nou
654 2688 835 2729 concurrere.
852 2673 932 2730 VIII.
948 2674 1039 2732 Posse
1054 2674 1133 2732 alind
1149 2692 1237 2749 quam
1253 2673 1337 2746 vult3
1363 2671 1439 2728 vello
1454 2671 1532 2728 aliud

410 2805 496 2861 quam
517 2792 621 2862 potest.
634 2787 684 2846 IX.
701 2789 768 2847 alia
783 2791 891 2848 habore
906 2792 1042 2864 nentina,
1058 2811 1143 2866 quarn
1159 2794 1278 2850 lrabeat.
1293 2791 1332 2851 X.
1349 2792 1438 2848 Posse
1454 2790 1533 2847 aliud

410 2909 496 2980 vello,
520 2928 606 2983 quam
621 2907 666 2989 (²2)
683 2911 758 2986 quod
774 2914 848 2984 vult,
864 2931 946 2989 posse
962 2913 1049 2971 aliter
1070 2915 1271 2986 essebonum,
1287 2931 1373 2989 quana
1390 2912 1429 2970 sit
1450 2930 1532 2986 vore,
1561 2985 1565 2992 ,

412 3034 444 3088 ot
463 3031 666 3090 necessitatem
681 3052 743 3092 csse
758 3034 835 3092 aliud
852 3039 882 3093 ot
894 3035 970 3093 citra
985 3035 1115 3094 divinam
1130 3036 1321 3110 voluntatem,
1337 3045 1363 3097 et
1380 3056 1532 3097 econver-

412 3167 456 3209 s0.
474 3151 563 3210 Posse
577 3153 648 3212 item
663 3155 738 3213 velle
754 3157 832 3231 quod
847 3176 904 3216 non
920 3159 993 3229 vult,
1007 3162 1103 3217 stante
1118 3160 1193 3233 quod
1209 3178 1266 3218 non
1278 3161 1369 3237 possit
1381 3179 1445 3219 osso
1457 3161 1532 3236 quod

412 3289 469 3331 uon
491 3276 544 3333 ost.

848 3438 991 3504 CAPUT
1015 3441 1088 3506 XII.

465 3677 500 3718 Ad
510 3677 531 3719 id
541 3678 598 3732 quod
607 3677 681 3721 dicunt
694 3679 793 3722 iuttuitao
803 3681 916 3736 potentiae
930 3683 1020 3725 activae
1032 3696 1074 3726 nou
1082 3686 1217 3740 respondere
1227 3688 1394 3742 possibilitatem
1406 3704 1485 3733 rcruiu.

518 3774 572 3816 luem
587 3785 636 3816 esui
644 3787 708 3830 posse
718 3788 776 3830 quuo
791 3789 835 3819 uon
846 3776 914 3821 saciat
925 3793 996 3836 neque
1005 3780 1065 3834 volit,
1080 3794 1151 3836 nequo
1160 3792 1323 3839 cousequenter
1338 3788 1421 3841 prohat.

447 4043 450 4053 Ι
509 3954 739 4031 Praeteritum,
764 3979 926 4042 praeseus
951 3962 1078 4045 quiquid
1103 3965 1200 4049 capis,
1224 3972 1320 4049 atquc
1345 3968 1497 4047 saturum,

452 4068 553 4142 'Ante
576 4077 677 4142 Deum
701 4099 853 4164 praesens
877 4101 975 4148 unum
998 4091 1049 4152 est
1071 4106 1235 4173 unumque
1257 4109 1406 4174 pereunc3

443 4285 474 4339 (Ι)
486 4290 570 4335 Qucsta
581 4288 668 4339 vii-cola
677 4304 756 4334 iuauau
765 4292 800 4334 nul
810 4299 875 4337 resto.

441 4386 471 4439 (2)
483 4383 499 4426 11
514 4392 571 4428 testo
581 4385 620 4431 iia:
636 4400 690 4442 quo.
