<?xml version="1.0" encoding="UTF-8"?>
<!DOCTYPE html PUBLIC "-//W3C//DTD XHTML 1.0 Transitional//EN"
    "http://www.w3.org/TR/xhtml1/DTD/xhtml1-transitional.dtd">
<html xmlns="http://www.w3.org/1999/xhtml" xml:lang="en" lang="en">
 <head>
  <title>
</title>
<meta http-equiv="Content-Type" content="text/html;charset=utf-8" />
  <meta name='ocr-system' content='tesseract 3.04.00' />
  <meta name='ocr-capabilities' content='ocr_page ocr_carea ocr_par ocr_line ocrx_word'/>
</head>
<body>
  <div class='ocr_page' id='page_1' title='image "./jordanibruninol04brungoog_0230.png"; bbox 0 0 3442 5108; ppageno 0'>
   <div class='ocr_carea' id='block_1_1' title="bbox 648 707 897 761">
    <p class='ocr_par' dir='ltr' id='par_1_1' title="bbox 648 707 897 761">
     <span class='ocr_line' id='line_1_1' title="bbox 648 707 897 761; baseline -0.012 -1"><span class='ocrx_word' id='word_1_1' title='bbox 648 707 766 761; x_wconf 78' lang='lat' dir='ltr'><strong>ARTIG.</strong></span> <span class='ocrx_word' id='word_1_2' title='bbox 796 707 897 758; x_wconf 83' lang='lat' dir='ltr'><strong>LXXI.</strong></span> 
     </span>
    </p>
   </div>
   <div class='ocr_carea' id='block_1_2' title="bbox 215 925 1345 2283">
    <p class='ocr_par' dir='ltr' id='par_1_2' title="bbox 215 925 1345 2283">
     <span class='ocr_line' id='line_1_2' title="bbox 271 925 1339 1033; baseline 0.007 -33"><span class='ocrx_word' id='word_1_3' title='bbox 271 925 374 1002; x_wconf 81' lang='lat' dir='ltr'>Haec</span> <span class='ocrx_word' id='word_1_4' title='bbox 403 927 433 1001; x_wconf 92' lang='lat' dir='ltr'>si</span> <span class='ocrx_word' id='word_1_5' title='bbox 461 926 514 1002; x_wconf 93' lang='lat' dir='ltr'>ita</span> <span class='ocrx_word' id='word_1_6' title='bbox 542 952 581 1002; x_wconf 90' lang='lat' dir='ltr'>se</span> <span class='ocrx_word' id='word_1_7' title='bbox 610 927 797 1023; x_wconf 81' lang='lat' dir='ltr'>habeant,</span> <span class='ocrx_word' id='word_1_8' title='bbox 825 930 869 1005; x_wconf 88' lang='lat' dir='ltr'>de</span> <span class='ocrx_word' id='word_1_9' title='bbox 896 928 1104 1031; x_wconf 70' lang='lat' dir='ltr'>praecipuis</span> <span class='ocrx_word' id='word_1_10' title='bbox 1124 932 1339 1033; x_wconf 75' lang='lat' dir='ltr'>corporibus</span> 
     </span>
     <span class='ocr_line' id='line_1_3' title="bbox 220 1051 1345 1155; baseline 0.006 -30"><span class='ocrx_word' id='word_1_11' title='bbox 220 1051 365 1127; x_wconf 90' lang='lat' dir='ltr'>nullum</span> <span class='ocrx_word' id='word_1_12' title='bbox 394 1053 474 1144; x_wconf 87' lang='lat' dir='ltr'>est,</span> <span class='ocrx_word' id='word_1_13' title='bbox 508 1051 604 1151; x_wconf 89' lang='lat' dir='ltr'>quod</span> <span class='ocrx_word' id='word_1_14' title='bbox 639 1077 813 1130; x_wconf 85' lang='lat' dir='ltr'>convexe</span> <span class='ocrx_word' id='word_1_15' title='bbox 843 1051 1072 1155; x_wconf 82' lang='lat' dir='ltr'>sphaericam</span> <span class='ocrx_word' id='word_1_16' title='bbox 1111 1055 1345 1155; x_wconf 87' lang='lat' dir='ltr'>superficiem</span> 
     </span>
     <span class='ocr_line' id='line_1_4' title="bbox 217 1173 1342 1280; baseline 0.002 -32"><span class='ocrx_word' id='word_1_17' title='bbox 217 1173 371 1269; x_wconf 86' lang='lat' dir='ltr'>haheat,</span> <span class='ocrx_word' id='word_1_18' title='bbox 401 1179 549 1277; x_wconf 89' lang='lat' dir='ltr'>practer</span> <span class='ocrx_word' id='word_1_19' title='bbox 575 1183 701 1253; x_wconf 83' lang='lat' dir='ltr'>ae&#39;rem</span> <span class='ocrx_word' id='word_1_20' title='bbox 729 1204 864 1280; x_wconf 89' lang='lat' dir='ltr'>purum</span> <span class='ocrx_word' id='word_1_21' title='bbox 892 1203 957 1254; x_wconf 89' lang='lat' dir='ltr'>seu</span> <span class='ocrx_word' id='word_1_22' title='bbox 988 1178 1145 1272; x_wconf 86' lang='lat' dir='ltr'>coelum,</span> <span class='ocrx_word' id='word_1_23' title='bbox 1174 1203 1283 1280; x_wconf 89' lang='lat' dir='ltr'>quem</span> <span class='ocrx_word' id='word_1_24' title='bbox 1312 1174 1342 1255; x_wconf 88' lang='lat' dir='ltr'>si</span> 
     </span>
     <span class='ocr_line' id='line_1_5' title="bbox 218 1300 1343 1404; baseline 0.005 -31"><span class='ocrx_word' id='word_1_25' title='bbox 218 1300 353 1376; x_wconf 87' lang='lat' dir='ltr'>coelum</span> <span class='ocrx_word' id='word_1_26' title='bbox 373 1300 611 1387; x_wconf 88' lang='lat' dir='ltr'>denominare</span> <span class='ocrx_word' id='word_1_27' title='bbox 631 1301 728 1394; x_wconf 86' lang='lat' dir='ltr'>licet,</span> <span class='ocrx_word' id='word_1_28' title='bbox 753 1304 907 1378; x_wconf 77' lang='lat' dir='ltr'>totidem</span> <span class='ocrx_word' id='word_1_29' title='bbox 927 1312 1027 1380; x_wconf 85' lang='lat' dir='ltr'>certe</span> <span class='ocrx_word' id='word_1_30' title='bbox 1045 1304 1130 1379; x_wconf 85' lang='lat' dir='ltr'>coeli</span> <span class='ocrx_word' id='word_1_31' title='bbox 1150 1311 1238 1381; x_wconf 90' lang='lat' dir='ltr'>sunt</span> <span class='ocrx_word' id='word_1_32' title='bbox 1253 1310 1343 1404; x_wconf 91' lang='lat' dir='ltr'>quot</span> 
     </span>
     <span class='ocr_line' id='line_1_6' title="bbox 217 1427 1341 1529; baseline 0.004 -29"><span class='ocrx_word' id='word_1_33' title='bbox 217 1431 340 1519; x_wconf 85' lang='lat' dir='ltr'>astra3</span> <span class='ocrx_word' id='word_1_34' title='bbox 361 1427 494 1526; x_wconf 90' lang='lat' dir='ltr'>quibus</span> <span class='ocrx_word' id='word_1_35' title='bbox 522 1430 667 1519; x_wconf 88' lang='lat' dir='ltr'>tamen,</span> <span class='ocrx_word' id='word_1_36' title='bbox 698 1452 781 1503; x_wconf 91' lang='lat' dir='ltr'>eum</span> <span class='ocrx_word' id='word_1_37' title='bbox 801 1429 944 1504; x_wconf 91' lang='lat' dir='ltr'>moveri</span> <span class='ocrx_word' id='word_1_38' title='bbox 972 1429 1176 1529; x_wconf 81' lang='lat' dir='ltr'>contingat,</span> <span class='ocrx_word' id='word_1_39' title='bbox 1205 1429 1341 1522; x_wconf 87' lang='lat' dir='ltr'>evenit,</span> 
     </span>
     <span class='ocr_line' id='line_1_7' title="bbox 217 1552 1341 1655; baseline 0.001 -28"><span class='ocrx_word' id='word_1_40' title='bbox 217 1556 260 1627; x_wconf 88' lang='lat' dir='ltr'>ut</span> <span class='ocrx_word' id='word_1_41' title='bbox 273 1552 383 1627; x_wconf 89' lang='lat' dir='ltr'>modo</span> <span class='ocrx_word' id='word_1_42' title='bbox 402 1552 440 1627; x_wconf 90' lang='lat' dir='ltr'>in</span> <span class='ocrx_word' id='word_1_43' title='bbox 460 1576 597 1644; x_wconf 88' lang='lat' dir='ltr'>unum,</span> <span class='ocrx_word' id='word_1_44' title='bbox 618 1553 727 1629; x_wconf 83' lang='lat' dir='ltr'>modo</span> <span class='ocrx_word' id='word_1_45' title='bbox 752 1552 789 1628; x_wconf 92' lang='lat' dir='ltr'>in</span> <span class='ocrx_word' id='word_1_46' title='bbox 808 1553 908 1630; x_wconf 88' lang='lat' dir='ltr'>aliud</span> <span class='ocrx_word' id='word_1_47' title='bbox 927 1579 1008 1629; x_wconf 89' lang='lat' dir='ltr'>sese</span> <span class='ocrx_word' id='word_1_48' title='bbox 1023 1553 1214 1655; x_wconf 80' lang='lat' dir='ltr'>recipiant.</span> <span class='ocrx_word' id='word_1_49' title='bbox 1236 1553 1341 1636; x_wconf 83' lang='lat' dir='ltr'>Quod</span> 
     </span>
     <span class='ocr_line' id='line_1_8' title="bbox 217 1677 1343 1779; baseline 0.004 -29"><span class='ocrx_word' id='word_1_50' title='bbox 217 1677 249 1751; x_wconf 89' lang='lat' dir='ltr'>si</span> <span class='ocrx_word' id='word_1_51' title='bbox 268 1677 351 1776; x_wconf 87' lang='lat' dir='ltr'>quis</span> <span class='ocrx_word' id='word_1_52' title='bbox 371 1681 565 1778; x_wconf 88' lang='lat' dir='ltr'>quaerata</span> <span class='ocrx_word' id='word_1_53' title='bbox 583 1678 706 1770; x_wconf 84' lang='lat' dir='ltr'>nobis,</span> <span class='ocrx_word' id='word_1_54' title='bbox 726 1678 808 1779; x_wconf 89' lang='lat' dir='ltr'>quis</span> <span class='ocrx_word' id='word_1_55' title='bbox 826 1680 978 1756; x_wconf 85' lang='lat' dir='ltr'>tandem</span> <span class='ocrx_word' id='word_1_56' title='bbox 998 1680 1036 1755; x_wconf 93' lang='lat' dir='ltr'>in</span> <span class='ocrx_word' id='word_1_57' title='bbox 1056 1680 1126 1756; x_wconf 87' lang='lat' dir='ltr'>hac</span> <span class='ocrx_word' id='word_1_58' title='bbox 1146 1679 1343 1756; x_wconf 88' lang='lat' dir='ltr'>infinitudi-</span> 
     </span>
     <span class='ocr_line' id='line_1_9' title="bbox 217 1805 1343 1906; baseline 0.003 -27"><span class='ocrx_word' id='word_1_59' title='bbox 217 1828 264 1879; x_wconf 90' lang='lat' dir='ltr'>ne</span> <span class='ocrx_word' id='word_1_60' title='bbox 288 1828 486 1904; x_wconf 91' lang='lat' dir='ltr'>corporum</span> <span class='ocrx_word' id='word_1_61' title='bbox 505 1805 595 1880; x_wconf 89' lang='lat' dir='ltr'>ordo</span> <span class='ocrx_word' id='word_1_62' title='bbox 614 1815 652 1880; x_wconf 90' lang='lat' dir='ltr'>et</span> <span class='ocrx_word' id='word_1_63' title='bbox 670 1829 764 1905; x_wconf 85' lang='lat' dir='ltr'>quae</span> <span class='ocrx_word' id='word_1_64' title='bbox 780 1806 965 1906; x_wconf 77' lang='lat' dir='ltr'>perfectae</span> <span class='ocrx_word' id='word_1_65' title='bbox 981 1806 1269 1883; x_wconf 82' lang='lat' dir='ltr'>universitatum</span> <span class='ocrx_word' id='word_1_66' title='bbox 1288 1832 1343 1882; x_wconf 95' lang='lat' dir='ltr'>re-</span> 
     </span>
     <span class='ocr_line' id='line_1_10' title="bbox 220 1927 1343 2033; baseline 0.003 -31"><span class='ocrx_word' id='word_1_67' title='bbox 220 1927 369 2029; x_wconf 64' lang='lat' dir='ltr'>giones?</span> <span class='ocrx_word' id='word_1_68' title='bbox 391 1928 561 2028; x_wconf 80' lang='lat' dir='ltr'>regiones</span> <span class='ocrx_word' id='word_1_69' title='bbox 590 1929 757 2031; x_wconf 81' lang='lat' dir='ltr'>singulas</span> <span class='ocrx_word' id='word_1_70' title='bbox 776 1931 946 2024; x_wconf 80' lang='lat' dir='ltr'>dicimus,</span> <span class='ocrx_word' id='word_1_71' title='bbox 978 1957 1073 2033; x_wconf 89' lang='lat' dir='ltr'>quac</span> <span class='ocrx_word' id='word_1_72' title='bbox 1101 1930 1267 2033; x_wconf 83' lang='lat' dir='ltr'>singulas</span> <span class='ocrx_word' id='word_1_73' title='bbox 1295 1931 1343 2006; x_wconf 92' lang='lat' dir='ltr'>ad</span> 
     </span>
     <span class='ocr_line' id='line_1_11' title="bbox 217 2053 1341 2159; baseline 0.003 -31"><span class='ocrx_word' id='word_1_74' title='bbox 217 2053 410 2154; x_wconf 90' lang='lat' dir='ltr'>proprium</span> <span class='ocrx_word' id='word_1_75' title='bbox 428 2054 543 2131; x_wconf 88' lang='lat' dir='ltr'>solem</span> <span class='ocrx_word' id='word_1_76' title='bbox 554 2056 788 2157; x_wconf 86' lang='lat' dir='ltr'>planetarum</span> <span class='ocrx_word' id='word_1_77' title='bbox 799 2058 958 2158; x_wconf 77' lang='lat' dir='ltr'>synodos</span> <span class='ocrx_word' id='word_1_78' title='bbox 972 2058 1284 2159; x_wconf 80' lang='lat' dir='ltr'>complectuntur,</span> <span class='ocrx_word' id='word_1_79' title='bbox 1296 2057 1341 2132; x_wconf 91' lang='lat' dir='ltr'>ad</span> 
     </span>
     <span class='ocr_line' id='line_1_12' title="bbox 215 2177 812 2283; baseline 0.007 -30"><span class='ocrx_word' id='word_1_80' title='bbox 215 2177 465 2255; x_wconf 85' lang='lat' dir='ltr'>aliammundi</span> <span class='ocrx_word' id='word_1_81' title='bbox 486 2180 812 2283; x_wconf 83' lang='lat' dir='ltr'>significationem.</span> 
     </span>
    </p>
   </div>
   <div class='ocr_carea' id='block_1_3' title="bbox 680 2452 933 2507">
    <p class='ocr_par' dir='ltr' id='par_1_3' title="bbox 680 2452 933 2507">
     <span class='ocr_line' id='line_1_13' title="bbox 680 2452 933 2507; baseline -0.004 -1"><span class='ocrx_word' id='word_1_82' title='bbox 680 2452 799 2507; x_wconf 75' lang='lat' dir='ltr'><strong>ARTIC.</strong></span> <span class='ocrx_word' id='word_1_83' title='bbox 820 2453 933 2506; x_wconf 80' lang='lat' dir='ltr'>Lxxh.</span> 
     </span>
    </p>
   </div>
   <div class='ocr_carea' id='block_1_4' title="bbox 115 2679 1344 4422">
    <p class='ocr_par' dir='ltr' id='par_1_4' title="bbox 115 2679 1344 4422">
     <span class='ocr_line' id='line_1_14' title="bbox 269 2679 1342 2784; baseline -0.001 -26"><span class='ocrx_word' id='word_1_84' title='bbox 269 2681 394 2759; x_wconf 84' lang='lat' dir='ltr'>Certis</span> <span class='ocrx_word' id='word_1_85' title='bbox 414 2706 503 2782; x_wconf 80' lang='lat' dir='ltr'>ergo</span> <span class='ocrx_word' id='word_1_86' title='bbox 522 2679 666 2781; x_wconf 82' lang='lat' dir='ltr'>legibus</span> <span class='ocrx_word' id='word_1_87' title='bbox 685 2681 831 2758; x_wconf 87' lang='lat' dir='ltr'>infinita</span> <span class='ocrx_word' id='word_1_88' title='bbox 849 2686 952 2756; x_wconf 90' lang='lat' dir='ltr'>astra</span> <span class='ocrx_word' id='word_1_89' title='bbox 971 2680 1008 2755; x_wconf 91' lang='lat' dir='ltr'>in</span> <span class='ocrx_word' id='word_1_90' title='bbox 1025 2680 1204 2758; x_wconf 90' lang='lat' dir='ltr'>immenso</span> <span class='ocrx_word' id='word_1_91' title='bbox 1223 2682 1342 2784; x_wconf 90' lang='lat' dir='ltr'>spatio</span> 
     </span>
     <span class='ocr_line' id='line_1_15' title="bbox 218 2804 1343 2907; baseline 0 -25"><span class='ocrx_word' id='word_1_92' title='bbox 218 2810 410 2893; x_wconf 79' lang='lat' dir='ltr'>seruntur,</span> <span class='ocrx_word' id='word_1_93' title='bbox 432 2807 605 2882; x_wconf 88' lang='lat' dir='ltr'>universo</span> <span class='ocrx_word' id='word_1_94' title='bbox 626 2832 698 2883; x_wconf 89' lang='lat' dir='ltr'>uno</span> <span class='ocrx_word' id='word_1_95' title='bbox 718 2809 883 2896; x_wconf 87' lang='lat' dir='ltr'>infinito,</span> <span class='ocrx_word' id='word_1_96' title='bbox 905 2804 1157 2907; x_wconf 85' lang='lat' dir='ltr'>immobilique</span> <span class='ocrx_word' id='word_1_97' title='bbox 1171 2812 1343 2883; x_wconf 87' lang='lat' dir='ltr'>manente</span> 
     </span>
     <span class='ocr_line' id='line_1_16' title="bbox 216 2931 1344 3036; baseline 0 -28"><span class='ocrx_word' id='word_1_98' title='bbox 216 2933 316 3030; x_wconf 77' lang='lat' dir='ltr'>(eide</span> <span class='ocrx_word' id='word_1_99' title='bbox 334 2932 400 3036; x_wconf 77' lang='lat'>2.);</span> <span class='ocrx_word' id='word_1_100' title='bbox 422 2934 526 3034; x_wconf 86' lang='lat' dir='ltr'>cujus</span> <span class='ocrx_word' id='word_1_101' title='bbox 547 2933 643 3009; x_wconf 86' lang='lat' dir='ltr'>sicut</span> <span class='ocrx_word' id='word_1_102' title='bbox 671 2934 771 3010; x_wconf 87' lang='lat' dir='ltr'>nulla</span> <span class='ocrx_word' id='word_1_103' title='bbox 790 2931 1180 3025; x_wconf 82' lang='lat' dir='ltr'>estcircumferentia,</span> <span class='ocrx_word' id='word_1_104' title='bbox 1205 2933 1257 3008; x_wconf 85' lang='lat' dir='ltr'>ita</span> <span class='ocrx_word' id='word_1_105' title='bbox 1275 2958 1344 3009; x_wconf 90' lang='lat' dir='ltr'>nec</span> 
     </span>
     <span class='ocr_line' id='line_1_17' title="bbox 216 3059 1344 3160; baseline 0 -26"><span class='ocrx_word' id='word_1_106' title='bbox 216 3059 292 3134; x_wconf 91' lang='lat' dir='ltr'>ulla</span> <span class='ocrx_word' id='word_1_107' title='bbox 314 3060 445 3151; x_wconf 80' lang='lat' dir='ltr'>torma,</span> <span class='ocrx_word' id='word_1_108' title='bbox 466 3059 559 3134; x_wconf 89' lang='lat' dir='ltr'>etin</span> <span class='ocrx_word' id='word_1_109' title='bbox 578 3085 650 3160; x_wconf 86' lang='lat' dir='ltr'>quo</span> <span class='ocrx_word' id='word_1_110' title='bbox 661 3061 824 3137; x_wconf 87' lang='lat' dir='ltr'>aetheris</span> <span class='ocrx_word' id='word_1_111' title='bbox 840 3063 897 3137; x_wconf 90' lang='lat' dir='ltr'>est</span> <span class='ocrx_word' id='word_1_112' title='bbox 916 3059 1024 3135; x_wconf 89' lang='lat' dir='ltr'>hnirc</span> <span class='ocrx_word' id='word_1_113' title='bbox 1040 3062 1152 3160; x_wconf 88' lang='lat' dir='ltr'>atque</span> <span class='ocrx_word' id='word_1_114' title='bbox 1171 3061 1344 3136; x_wconf 87' lang='lat' dir='ltr'>termina-</span> 
     </span>
     <span class='ocr_line' id='line_1_18' title="bbox 115 3183 1343 3288; baseline 0.002 -30"><span class='ocrx_word' id='word_1_115' title='bbox 115 3200 120 3212; x_wconf 86' lang='lat'><strong>·</strong></span> <span class='ocrx_word' id='word_1_116' title='bbox 216 3210 256 3259; x_wconf 90' lang='lat' dir='ltr'>re</span> <span class='ocrx_word' id='word_1_117' title='bbox 275 3183 433 3284; x_wconf 66' lang='lat' dir='ltr'>singulm</span> <span class='ocrx_word' id='word_1_118' title='bbox 454 3208 548 3283; x_wconf 88' lang='lat' dir='ltr'>quae</span> <span class='ocrx_word' id='word_1_119' title='bbox 563 3210 637 3261; x_wconf 90' lang='lat' dir='ltr'>non</span> <span class='ocrx_word' id='word_1_120' title='bbox 657 3186 779 3262; x_wconf 86' lang='lat' dir='ltr'>minus</span> <span class='ocrx_word' id='word_1_121' title='bbox 799 3191 886 3288; x_wconf 88' lang='lat' dir='ltr'>apta</span> <span class='ocrx_word' id='word_1_122' title='bbox 914 3190 1002 3262; x_wconf 88' lang='lat' dir='ltr'>sunt</span> <span class='ocrx_word' id='word_1_123' title='bbox 1021 3186 1068 3260; x_wconf 84' lang='lat' dir='ltr'>ad</span> <span class='ocrx_word' id='word_1_124' title='bbox 1084 3191 1227 3262; x_wconf 92' lang='lat' dir='ltr'>motum</span> <span class='ocrx_word' id='word_1_125' title='bbox 1246 3185 1343 3287; x_wconf 85' lang='lat' dir='ltr'>(sive</span> 
     </span>
     <span class='ocr_line' id='line_1_19' title="bbox 216 3311 1342 3412; baseline 0.004 -28"><span class='ocrx_word' id='word_1_126' title='bbox 216 3335 281 3412; x_wconf 89' lang='lat' dir='ltr'>per</span> <span class='ocrx_word' id='word_1_127' title='bbox 300 3335 339 3385; x_wconf 90' lang='lat' dir='ltr'>se</span> <span class='ocrx_word' id='word_1_128' title='bbox 358 3314 580 3385; x_wconf 82' lang='lat' dir='ltr'>moveantur</span> <span class='ocrx_word' id='word_1_129' title='bbox 607 3337 673 3412; x_wconf 90' lang='lat' dir='ltr'>per</span> <span class='ocrx_word' id='word_1_130' title='bbox 701 3313 916 3388; x_wconf 88' lang='lat' dir='ltr'>aethereum</span> <span class='ocrx_word' id='word_1_131' title='bbox 946 3334 1130 3411; x_wconf 83' lang='lat' dir='ltr'>carnpum,</span> <span class='ocrx_word' id='word_1_132' title='bbox 1158 3311 1237 3386; x_wconf 87' lang='lat' dir='ltr'>sive</span> <span class='ocrx_word' id='word_1_133' title='bbox 1258 3335 1342 3388; x_wconf 84' lang='lat' dir='ltr'>ura-</span> 
     </span>
     <span class='ocr_line' id='line_1_20' title="bbox 215 3434 1341 3538; baseline -0.003 -28"><span class='ocrx_word' id='word_1_134' title='bbox 215 3437 272 3535; x_wconf 74' lang='lat' dir='ltr'>gis</span> <span class='ocrx_word' id='word_1_135' title='bbox 292 3436 495 3511; x_wconf 89' lang='lat' dir='ltr'>seeundum</span> <span class='ocrx_word' id='word_1_136' title='bbox 513 3436 712 3512; x_wconf 80' lang='lat' dir='ltr'>deserentis</span> <span class='ocrx_word' id='word_1_137' title='bbox 732 3435 934 3538; x_wconf 83' lang='lat' dir='ltr'>lationem),</span> <span class='ocrx_word' id='word_1_138' title='bbox 954 3435 983 3510; x_wconf 86' lang='lat' dir='ltr'>si</span> <span class='ocrx_word' id='word_1_139' title='bbox 1004 3434 1207 3536; x_wconf 81' lang='lat' dir='ltr'>augularis,</span> <span class='ocrx_word' id='word_1_140' title='bbox 1231 3459 1341 3535; x_wconf 86' lang='lat' dir='ltr'>quam</span> 
     </span>
     <span class='ocr_line' id='line_1_21' title="bbox 215 3559 1343 3667; baseline -0.003 -30"><span class='ocrx_word' id='word_1_141' title='bbox 215 3563 243 3638; x_wconf 82' lang='lat' dir='ltr'>si</span> <span class='ocrx_word' id='word_1_142' title='bbox 264 3563 479 3664; x_wconf 82' lang='lat' dir='ltr'>sphaericae</span> <span class='ocrx_word' id='word_1_143' title='bbox 499 3563 574 3638; x_wconf 86' lang='lat' dir='ltr'>sint</span> <span class='ocrx_word' id='word_1_144' title='bbox 593 3562 914 3667; x_wconf 73' lang='lat' dir='ltr'>figurae(cr&#39;dr2i.</span> <span class='ocrx_word' id='word_1_145' title='bbox 927 3560 1017 3663; x_wconf 71' lang='grc'><strong>211).</strong></span> <span class='ocrx_word' id='word_1_146' title='bbox 1030 3560 1182 3636; x_wconf 75' lang='lat' dir='ltr'>bullum</span> <span class='ocrx_word' id='word_1_147' title='bbox 1199 3559 1343 3635; x_wconf 86' lang='lat' dir='ltr'>interca</span> 
     </span>
     <span class='ocr_line' id='line_1_22' title="bbox 215 3685 1344 3789; baseline -0.004 -26"><span class='ocrx_word' id='word_1_148' title='bbox 215 3694 424 3780; x_wconf 82' lang='lat' dir='ltr'>astrorum,</span> <span class='ocrx_word' id='word_1_149' title='bbox 454 3689 697 3789; x_wconf 84' lang='lat' dir='ltr'>quodcunque</span> <span class='ocrx_word' id='word_1_150' title='bbox 722 3694 766 3764; x_wconf 89' lang='lat' dir='ltr'>ct</span> <span class='ocrx_word' id='word_1_151' title='bbox 784 3688 1038 3789; x_wconf 82' lang='lat' dir='ltr'>qualecunque</span> <span class='ocrx_word' id='word_1_152' title='bbox 1067 3686 1114 3760; x_wconf 84' lang='lat' dir='ltr'>sit</span> <span class='ocrx_word' id='word_1_153' title='bbox 1135 3685 1244 3775; x_wconf 84' lang='grc'><strong>1111111,</strong></span> <span class='ocrx_word' id='word_1_154' title='bbox 1266 3685 1344 3759; x_wconf 84' lang='lat' dir='ltr'>sire</span> 
     </span>
     <span class='ocr_line' id='line_1_23' title="bbox 215 3811 1344 3915; baseline -0.001 -29"><span class='ocrx_word' id='word_1_155' title='bbox 215 3814 281 3906; x_wconf 82' lang='lat' dir='ltr'>sol,</span> <span class='ocrx_word' id='word_1_156' title='bbox 301 3814 463 3915; x_wconf 87' lang='lat' dir='ltr'>inquam,</span> <span class='ocrx_word' id='word_1_157' title='bbox 480 3813 602 3903; x_wconf 87' lang='lat' dir='ltr'>fuerit,</span> <span class='ocrx_word' id='word_1_158' title='bbox 617 3816 696 3891; x_wconf 83' lang='lat' dir='ltr'>sive</span> <span class='ocrx_word' id='word_1_159' title='bbox 712 3815 834 3906; x_wconf 78' lang='lat' dir='ltr'>tellus,</span> <span class='ocrx_word' id='word_1_160' title='bbox 862 3815 899 3890; x_wconf 90' lang='lat' dir='ltr'>iu</span> <span class='ocrx_word' id='word_1_161' title='bbox 919 3812 1039 3890; x_wconf 91' lang='lat' dir='ltr'>medio</span> <span class='ocrx_word' id='word_1_162' title='bbox 1052 3811 1110 3887; x_wconf 89' lang='lat' dir='ltr'>vel</span> <span class='ocrx_word' id='word_1_163' title='bbox 1131 3811 1344 3887; x_wconf 87' lang='lat' dir='ltr'>inuniversi</span> 
     </span>
     <span class='ocr_line' id='line_1_24' title="bbox 215 3938 1343 4043; baseline -0.002 -29"><span class='ocrx_word' id='word_1_164' title='bbox 215 3939 513 4016; x_wconf 88' lang='lat' dir='ltr'>circumferentia</span> <span class='ocrx_word' id='word_1_165' title='bbox 532 3943 652 4017; x_wconf 79' lang='lat' dir='ltr'>(licere</span> <span class='ocrx_word' id='word_1_166' title='bbox 673 3943 806 4043; x_wconf 79' lang='lat' dir='ltr'>possis,</span> <span class='ocrx_word' id='word_1_167' title='bbox 829 3943 890 4019; x_wconf 93' lang='lat' dir='ltr'>ubi</span> <span class='ocrx_word' id='word_1_168' title='bbox 917 3940 1080 4017; x_wconf 89' lang='lat' dir='ltr'>omnium</span> <span class='ocrx_word' id='word_1_169' title='bbox 1101 3938 1248 4041; x_wconf 81' lang='lat' dir='ltr'>singula</span> <span class='ocrx_word' id='word_1_170' title='bbox 1266 3941 1343 4014; x_wconf 90' lang='lat' dir='ltr'>cir-</span> 
     </span>
     <span class='ocr_line' id='line_1_25' title="bbox 214 4064 1343 4170; baseline -0.003 -29"><span class='ocrx_word' id='word_1_171' title='bbox 214 4091 447 4167; x_wconf 85' lang='lat' dir='ltr'>cumquaque</span> <span class='ocrx_word' id='word_1_172' title='bbox 478 4067 667 4144; x_wconf 84' lang='lat' dir='ltr'>infinitum</span> <span class='ocrx_word' id='word_1_173' title='bbox 698 4070 861 4170; x_wconf 88' lang='lat' dir='ltr'>spatium</span> <span class='ocrx_word' id='word_1_174' title='bbox 889 4067 1027 4143; x_wconf 78' lang='lat' dir='ltr'>habore</span> <span class='ocrx_word' id='word_1_175' title='bbox 1064 4064 1343 4141; x_wconf 88' lang='lat' dir='ltr'>convincentur.</span> 
     </span>
     <span class='ocr_line' id='line_1_26' title="bbox 215 4189 1344 4295; baseline 0.001 -29"><span class='ocrx_word' id='word_1_176' title='bbox 215 4192 312 4268; x_wconf 81' lang='lat' dir='ltr'>ilinc</span> <span class='ocrx_word' id='word_1_177' title='bbox 338 4193 480 4287; x_wconf 86' lang='lat' dir='ltr'>habes,</span> <span class='ocrx_word' id='word_1_178' title='bbox 501 4196 684 4295; x_wconf 83' lang='lat' dir='ltr'>quomodo</span> <span class='ocrx_word' id='word_1_179' title='bbox 713 4196 837 4272; x_wconf 85' lang='lat' dir='ltr'>onmia</span> <span class='ocrx_word' id='word_1_180' title='bbox 865 4193 989 4270; x_wconf 87' lang='lat' dir='ltr'>dicere</span> <span class='ocrx_word' id='word_1_181' title='bbox 1008 4191 1126 4294; x_wconf 90' lang='lat' dir='ltr'>possis</span> <span class='ocrx_word' id='word_1_182' title='bbox 1148 4191 1184 4265; x_wconf 93' lang='lat' dir='ltr'>in</span> <span class='ocrx_word' id='word_1_183' title='bbox 1205 4189 1344 4267; x_wconf 83' lang='lat' dir='ltr'>medic.</span> 
     </span>
     <span class='ocr_line' id='line_1_27' title="bbox 216 4313 1344 4422; baseline -0.004 -29"><span class='ocrx_word' id='word_1_184' title='bbox 216 4317 273 4394; x_wconf 80' lang='lat' dir='ltr'>vel</span> <span class='ocrx_word' id='word_1_185' title='bbox 288 4318 400 4395; x_wconf 86' lang='lat' dir='ltr'>nulla.</span> <span class='ocrx_word' id='word_1_186' title='bbox 423 4320 625 4422; x_wconf 64' lang='lat' dir='ltr'>Apparebit</span> <span class='ocrx_word' id='word_1_187' title='bbox 643 4325 768 4398; x_wconf 88' lang='lat' dir='ltr'>autem</span> <span class='ocrx_word' id='word_1_188' title='bbox 799 4320 969 4397; x_wconf 89' lang='lat' dir='ltr'>omnibus</span> <span class='ocrx_word' id='word_1_189' title='bbox 998 4323 1185 4393; x_wconf 89' lang='lat' dir='ltr'>astrorum</span> <span class='ocrx_word' id='word_1_190' title='bbox 1208 4313 1344 4390; x_wconf 88' lang='lat' dir='ltr'>ineolis</span> 
     </span>
    </p>
   </div>
   <div class='ocr_carea' id='block_1_5' title="bbox 0 0 1727 5108">
    <p class='ocr_par' dir='ltr' id='par_1_5' title="bbox 0 0 1727 5108">
     <span class='ocr_line' id='line_1_28' title="bbox 0 0 1727 5108; baseline 0 0"><span class='ocrx_word' id='word_1_191' title='bbox 0 0 1727 5108; x_wconf 95' lang='lat' dir='ltr'> </span> 
     </span>
    </p>
   </div>
  </div>
 </body>
</html>
