3442 5108
745 305 922 368 -334-

323 457 442 523 Vultus
467 454 527 543 (uti
554 452 673 519 dictum
698 451 762 536 est)
786 469 881 533 quam
903 444 1028 514 telluris
1051 443 1112 510 siet
1134 441 1214 531 ejus,

325 589 485 663 Quocirca
518 606 537 650 a
561 584 655 649 simili
679 583 704 647 si
729 582 779 647 vis
802 574 997 664 perpendere
1020 578 1134 650 totum,

325 716 459 800 Respice
487 713 635 777 tellurem
659 712 789 775 circum:
815 706 863 794 (l)
887 704 960 791 quid
984 706 1120 769 sustinet
1145 700 1275 788 ipsam?

325 849 462 931 Respice
493 864 589 928 quam
614 841 708 907 facile
732 842 764 906 in
788 840 883 925 plano
906 856 1013 901 massa
1037 834 1092 899 illa
1114 839 1264 899 moi-‘etur

327 983 417 1057 Quae
446 986 565 1065 puncto
590 976 747 1063 attingitf
770 980 902 1060 quante,
919 991 1082 1057 suspensa,
1106 970 1229 1034 minore

327 1108 482 1174 Truditur
514 1105 618 1171 officio
642 1126 722 1190 qnae
746 1124 810 1169 non
834 1102 1017 1186 requiescit,
1040 1104 1075 1166 at
1096 1099 1195 1164 imum

327 1235 470 1321 Appulsu
501 1239 571 1300 toto
594 1235 719 1318 peteret
741 1232 768 1294 si
792 1230 894 1294 libera
917 1225 1004 1293 fiat?

328 1369 390 1432 Ast
419 1368 540 1449 quanto
565 1362 688 1429 demum
713 1361 795 1446 petis
819 1366 868 1425 est
891 1357 1075 1443 protrudier
1098 1360 1173 1423 actu

330 1491 401 1564 Quo
432 1489 489 1554 tibi
514 1508 637 1571 cunque
661 1485 744 1561 libet,
768 1484 895 1568 quande
920 1504 1074 1568 suspensa
1096 1502 1154 1547 suo
1178 1485 1244 1548 stat

328 1620 417 1694 Jure,
446 1637 504 1682 nec
527 1616 568 1680 ad
591 1619 696 1679 certos
721 1612 792 1697 plus
817 1613 956 1698 pertinet
980 1614 1034 1677 illa
1057 1632 1212 1687 recessus,

330 1744 434 1817 Quam
462 1737 621 1825 reliquos?
646 1740 786 1804 Annon
811 1739 941 1802 minimo
965 1757 1152 1822 quocunque
1176 1738 1331 1802 movetur

330 1874 470 1958 Impulsu
501 1872 540 1937 ad
564 1873 706 1954 quasvis,
733 1868 786 1934 ubi
809 1869 879 1953 plus
903 1869 960 1932 sibi
982 1869 1141 1947 convenit,
1167 1864 1255 1930 oras?

330 2003 398 2067 Nec
428 2006 554 2067 tanturn
579 2006 749 2065 externum
773 1999 869 2064 liceat
893 1998 1075 2083 confingere
1099 2002 1259 2083 agentem,

333 2130 454 2214 Nempe
479 2129 647 2214 syracusia
671 2129 724 2211 qui
748 2148 885 2192 massam
909 2129 1046 2194 concitet
1064 2133 1146 2207 arte,

331 2257 392 2324 Sed
420 2257 497 2322 satis
520 2262 569 2321 est
593 2261 711 2321 natura
734 2253 794 2318 sibi
818 2254 896 2319 benc
921 2254 1067 2338 provida,
1091 2275 1154 2337 qua
1179 2253 1231 2320 vel

336 2387 497 2470 Fragnren
521 2381 670 2468 diffugiat
694 2384 868 2463 contraria,
896 2384 987 2448 avita
1011 2390 1189 2465 sequantur

333 2510 472 2585 Parteis,
499 2512 532 2573 et
556 2511 706 2572 constent
729 2508 859 2591 propria
882 2507 912 2569 in
937 2508 1082 2591 regione,
1106 2508 1313 2592 agitentque:

335 2641 422 2725 Ergo
450 2642 499 2703 est
523 2635 707 2722 perfectum,
731 2635 864 2699 nilriliun
888 2636 1033 2718 qirinlqna
1063 2636 1187 2720 obligat
1210 2644 1314 2703 entra.

332 2925 415 2990 Quod
437 2925 554 2983 lrorizon
569 2925 732 2985 artificialis
750 2925 789 2983 sit
806 2928 906 2983 tantus
929 2944 984 2983 non
1007 2927 1093 2985 niodo
1116 2926 1185 2985 facit
1203 2944 1306 2985 sensus
1325 2926 1419 2986 nostri

293 3048 429 3119 facultas,
442 3064 517 3122 quae
532 3068 587 3106 non
601 3048 694 3123 magis
707 3065 809 3105 versus
829 3066 916 3106 unam
930 3052 1044 3124 partem
1063 3069 1094 3107 se
1112 3052 1255 3124 extendit,
1278 3068 1366 3126 quam
1385 3069 1421 3110 a·

293 3171 374 3241 liam,
389 3175 474 3245 (curn
486 3173 615 3246 aequalis
627 3173 703 3231 linea
714 3177 744 3232 et
754 3174 856 3245 eadem
871 3174 900 3232 in
920 3176 1005 3234 oculo
1024 3196 1177 3237 remanens
1196 3179 1257 3238 fixa
1276 3180 1421 3239 extremi·

294 3287 356 3342 tate
373 3303 440 3355 una,
456 3285 534 3341 circa
549 3286 665 3343 oculum
682 3292 815 3344 centrum
830 3287 924 3345 altera
939 3306 970 3346 so
992 3291 1083 3348 vertit
1104 3293 1303 3362 extremitate,
1324 3291 1421 3350 circu·

295 3405 366 3464 laris
379 3405 492 3481 figurae
503 3405 642 3464 describit
656 3406 855 3485 horizontem)
868 3409 916 3467 secl
929 3410 1018 3467 etiam
1030 3414 1120 3486 atquo
1131 3412 1259 3469 nraxirne
1274 3411 1421 3469 orbicula-

296 3529 337 3586 ris
349 3528 464 3587 telluris
478 3530 573 3603 figura
595 3548 668 3604 qirae
683 3530 720 3587 ab
735 3529 809 3589 oculi
832 3532 894 3589 acie
915 3532 992 3590 linea
1014 3551 1067 3608 per
1081 3533 1223 3593 directum
1244 3536 1422 3611 procedente

297 3653 379 3708 fante
391 3649 533 3708 minorem
545 3650 680 3726 propriae
691 3649 856 3727 superficiei
869 3654 982 3726 partem
994 3653 1091 3712 reddit
1104 3655 1299 3732 perspicuant,
1311 3660 1422 3732 quanto

298 3766 394 3825 minus
415 3768 474 3825 alte
488 3767 589 3827 oculus
603 3786 690 3843 super
704 3768 956 3828 circumferentiae
980 3776 1119 3848 punctum
1143 3774 1306 3834 adtollitur.
1329 3775 1375 3835 Sit
1395 3794 1423 3834 e·

299 3883 359 3942 nim
374 3885 608 3944 circumferentia
622 3885 746 3943 ABllfC
761 3904 947 3964 superquam
962 3892 1083 3951 tollatur
1095 3895 1195 3953 oculus
1211 3897 1247 3953 ab
1261 3899 1286 3954 A
1299 3896 1327 3953 in
1340 3895 1373 3967 133
1387 3897 1423 3954 ab

300 3998 355 4057 hoe
376 3997 514 4057 nimirum
536 4003 642 4075 puncto
665 4001 701 4058 ad
724 4010 889 4062 contactum
905 4005 1161 4066 circumferentiae
1179 4014 1345 4069 extremum
1366 4027 1423 4069 non

338 4258 369 4321 tl)
384 4258 465 4310 Quem
474 4260 517 4305 due
527 4262 587 4319 puuti
598 4274 708 4308 inuncans
718 4266 753 4311 nel
763 4274 828 4310 tosto.
