3442 5108
685 277 795 340 -147
825 279 874 328 -’

219 461 322 539 muni
343 488 418 540 una
446 467 613 543 omnium
632 468 838 564 duratione,
867 471 1024 549 <liversis
1052 474 1222 552 diversae
1242 475 1349 551 dura-

218 592 339 670 tiones
363 597 474 695 atque
495 600 664 697 tempora
683 600 980 701 appropriantur.
1010 602 1195 679 Differunt
1222 608 1348 680 autem

219 720 365 796 duratio
397 726 508 823 atque
537 725 710 825 spatium,
740 726 825 827 quia
850 727 1021 827 undique,
1051 729 1088 804 in
1117 727 1295 829 generali,
1311 735 1348 806 et

216 847 447 950 particulari,
482 851 645 949 spatium
673 851 860 928 immobile
888 877 1054 947 maneae,
1084 858 1230 958 tempus
1258 881 1347 932 uero

218 975 452 1051 velocissime
485 976 605 1053 fluens
632 976 852 1079 intelligitur
880 978 917 1055 in
947 979 1003 1072 im,
1038 1006 1131 1083 quae
1168 982 1346 1070 citissime

200 1108 427 1193 moventur,
443 1104 584 1179 tardius
603 1103 641 1180 in
660 1104 717 1195 iis,
738 1130 832 1206 quae
848 1106 997 1206 aegrius
1016 1113 1222 1203 mutantur,
1242 1110 1348 1187 mini·

217 1258 277 1310 me
308 1234 346 1311 in
375 1235 446 1326 iis,
475 1259 569 1335 cquae
597 1233 741 1312 nullam
769 1235 977 1337 suscipiunt
1004 1237 1276 1327 alterationem,
1314 1240 1345 1315 si

217 1390 311 1467 quae
338 1365 473 1443 horum
493 1366 562 1441 sub
581 1370 749 1465 tempore
778 1359 864 1441 licet
892 1364 1100 1456 collocare,
1129 1391 1174 1442 ea
1201 1366 1349 1467 quidem

216 1491 373 1583 ratione,
401 1518 475 1594 qua
494 1517 567 1568 non
588 1515 728 1582 eorum,
749 1514 842 1593 quae
862 1497 1062 1566 moventur
1089 1494 1210 1575 modo,
1231 1492 1348 1567 sedet

217 1616 393 1708 omnium,
418 1643 513 1718 quae
533 1622 678 1692 suntet
697 1601 966 1716 consequenter
985 1616 1119 1691 durare
1137 1615 1348 1719 intelligun-
1405 1608 1406 1611 ¹

216 1750 291 1839 tur,
312 1752 460 1850 tempus
481 1748 656 1839 dicimus3
678 1747 765 1822 dum
786 1750 911 1820 tamen
931 1744 1026 1820 sicut
1046 1743 1167 1821 locum
1189 1745 1345 1821 univer-

216 1877 345 1970 salem,
367 1879 588 1954 immensum
618 1876 790 1979 spatium,
820 1874 872 1949 ita
899 1877 936 1949 et
963 1879 1110 1974 tempus
1135 1873 1346 1966 universale

216 2004 477 2081 aeternitatem
498 2005 666 2081 dicimus.
683 2004 759 2080 Sub
775 2026 849 2078 una
865 2002 979 2104 igitur
994 2002 1189 2077 ‹lirratione
1204 2003 1277 2078 alia
1295 2004 1347 2079 di·

216 2135 353 2207 cuntur
382 2136 546 2219 aeterna,
567 2132 640 2208 alia
658 2132 874 2233 simpliciter
902 2130 1133 2233 temporalia,
1153 2136 1190 2207 et
1210 2133 1345 2209 horum

217 2260 288 2336 alia
304 2263 468 2353 maioris,
484 2263 557 2338 alia
571 2262 726 2339 minoris
741 2262 888 2352 aetatis,
905 2265 942 2337 et
952 2261 990 2336 in
1004 2259 1063 2335 his
1078 2259 1213 2336 accidit
1228 2261 1343 2338 menti

216 2389 384 2490 accipere
395 2394 641 2492 tempus,tunr
653 2394 694 2466 ut
705 2414 919 2467 mensuram
930 2394 1010 2466 tum
1022 2395 1064 2465 ut
1075 2396 1342 2485 mensuratum

216 2519 482 2596 (lumnicissim
512 2524 591 2595 tum
612 2520 858 2622 quantitatem
878 2517 1083 2594 durationis
1102 2543 1168 2619 per
1187 2524 1341 2612 motum,

215 2653 294 2725 tum
311 2656 434 2727 motus
450 2649 694 2752 quantitatem
707 2673 772 2751 per
786 2648 1021 2723 durationem
1043 2645 1275 2748 inquirimus:
1291 2647 1344 2724 in-

213 2776 323 2851 terim
344 2779 469 2852 tamen
490 2801 681 2877 nunquam
697 2781 844 2875 tempus
859 2777 916 2848 est
931 2797 1107 2847 mensura
1122 2777 1256 2864 motus
1272 2772 1342 2850 nisi

214 2901 337 3001 ipsum
359 2901 461 3001 prius
487 2905 527 2976 ut
556 2907 678 2977 motus
707 2897 763 3002 (l)
791 2898 984 2975 delinitum
1013 2899 1194 2999 capiatur.
1224 2900 1340 2976 lmmo

213 3050 361 3127 semper
380 3031 527 3127 tempus
546 3025 703 3127 alicujus
723 3024 965 3101 revolutionis
990 3024 1178 3125 quantitas
1207 3015 1286 3118 est‚'
1304 3031 1342 3101 et

211 3160 411 3258 propterea
439 3156 570 3255 magis
600 3161 711 3256 atque
740 3179 806 3255 per
834 3179 894 3245 se,
929 3157 1051 3229 motus
1079 3157 1135 3228 est
1162 3152 1340 3253 temporis

213 3306 401 3373 mensura,
419 3282 540 3357 minus
556 3287 694 3373 autem,
715 3287 825 3381 atquc
840 3305 906 3380 per
924 3280 1106 3369 accidens,
1121 3284 1268 3381 tempus
1284 3286 1342 3356 est

211 3435 389 3487 mensura
407 3417 543 3487 motus:
556 3413 607 3488 ita
622 3412 833 3502 tendentum
852 3410 978 3485 verius
994 3410 1160 3485 dicamus
1176 3432 1249 3484 non
1265 3432 1342 3484 mo·

215 3543 291 3613 tum
310 3536 443 3642 (2)per
463 3543 617 3626 motum,
638 3564 750 3641 quam
769 3541 912 3615 motum
932 3536 1054 3613 metiri
1083 3561 1148 3637 per
1180 3540 1337 3636 tempus;

211 3664 299 3740 dum
320 3669 516 3766 postquam
535 3673 659 3742 motus
681 3665 866 3768 quandam
891 3664 1123 3739 durationem
1152 3687 1218 3765 pro
1238 3688 1340 3740 men·

211 3814 299 3865 sura
317 3791 539 3891 accepimus
556 3817 622 3893 per
637 3793 758 3892 ipsum
769 3791 861 3867 alias
876 3796 1000 3867 motus
1016 3789 1232 3866 durationes
1251 3815 1337 3865 exa-

210 3915 405 3991 minamus.
426 3917 484 3991 Ex
514 3942 585 4019 quo
615 3922 783 4009 constat,
812 3942 880 3992 nos
909 3921 1009 3992 certo
1037 3894 1261 4017 cognoscere
1289 3915 1335 3992 de

214 4045 381 4142 temporo
399 4068 466 4144 per
485 4046 627 4119 motum
643 4042 898 4144 potiusquam
918 4039 963 4116 de
979 4046 1082 4116 motu
1096 4066 1163 4142 per
1177 4045 1335 4142 tempus,

247 4223 293 4304 (1)
308 4228 333 4287 ll
347 4227 470 4288 Gsrorer
480 4247 621 4307 corregge
636 4237 731 4289 motu.

246 4333 291 4410 (2)
306 4331 373 4391 Cosi
396 4332 469 4392 hail
485 4337 560 4393 testo
575 4332 644 4393 edil
659 4333 791 4392 Gfrorer:
807 4331 834 4391 io
849 4331 988 4409 leggerei:
1005 4339 1125 4410 tempus
1134 4348 1194 4408 per
1205 4335 1334 4389 motum.
