3442 5108
869 343 1048 402 -100-

391 532 452 608 vel
479 555 544 607 aer
572 531 801 624 immensus,
842 531 901 607 vel
928 530 1042 606 atomi
1071 528 1261 606 infinitae:
1298 527 1432 629 quibus
1470 526 1519 602 ad

391 679 516 732 rerum
545 657 824 755 generationem
852 659 964 757 atque
992 653 1299 745 vicissitudinem,
1320 649 1520 727 ordinatri-

390 805 483 874 cem,
504 782 872 883 segregatricemque
891 784 1037 882 oportet
1056 804 1217 881 praeesse
1236 780 1412 870 mentem,
1432 776 1512 878 spi-

388 907 578 1009 ritumque
597 908 768 986 omnibus
787 907 973 994 inlusum,
994 907 1118 982 omnia
1136 905 1414 997 vivificantem,
1433 928 1518 980 exa-

390 1030 593 1135 gitantem,
622 1032 795 1110 alentem.

895 1307 1016 1359 RATIO.

441 1537 463 1612 J
468 1537 558 1612 uxta
576 1529 845 1608 multiformem
865 1533 1073 1627 rationem,
1103 1559 1170 1636 per
1189 1534 1413 1634 multiplices
1432 1534 1513 1610 vias

389 1667 428 1741 et
454 1660 602 1738 ordines
631 1662 743 1759 atque
770 1658 904 1749 media,
933 1659 980 1734 ad
1012 1685 1139 1736 rerum
1165 1660 1393 1736 naturalium
1422 1685 1517 1736 con-

388 1786 670 1891 templationem
689 1785 971 1877 accedentibus,
987 1787 1226 1864 multiformis
1243 1787 1515 1890 multiplexque

389 1913 571 2005 occurrit,
604 1911 775 2013 idemque
803 1937 916 1988 verus
941 1917 1053 2014 atque
1071 1913 1296 1990 scientificus
1320 1914 1518 1991 definiendi

389 2044 428 2117 et
450 2036 640 2141 judicandi
678 2036 836 2113 modus:
865 2039 1039 2140 quocirca
1072 2038 1175 2115 nulla
1211 2044 1268 2114 est
1305 2040 1518 2132 sententia,

391 2171 429 2244 et
457 2161 781 2265 contemplationis
809 2165 889 2252 via,
919 2190 1030 2267 quam
1058 2190 1132 2240 non
1162 2166 1312 2241 omnino
1342 2166 1517 2265 indignus

390 2285 634 2392 philosophus
663 2285 851 2379 attulerit,
885 2313 979 2388 quae
1008 2287 1112 2364 nobis
1141 2288 1178 2362 in
1208 2287 1331 2390 aliquo
1361 2287 1517 2378 ordino,

388 2420 426 2494 et
454 2417 557 2492 certa
584 2412 746 2514 quadam
774 2413 919 2490 ratione
946 2439 1022 2491 non
1050 2416 1241 2516 probetur.
1270 2415 1312 2489 In
1333 2413 1434 2490 onmi
1453 2418 1515 2489 ta-

387 2567 474 2620 men
503 2539 788 2643 philosophandi
818 2565 975 2642 genere,
1004 2539 1116 2646 (licet
1144 2541 1264 2642 ipsum
1295 2564 1514 2617 nonomnes

387 2667 640 2770 expresserint
668 2667 728 2744 vel
757 2667 946 2755 curarint,
985 2672 1114 2770 utpote
1143 2669 1206 2770 qui
1236 2668 1355 2769 magis
1375 2667 1422 2742 ad
1450 2666 1515 2743 ali·

389 2820 501 2899 quam
520 2795 677 2897 praxim,
691 2796 747 2872 vel
760 2796 806 2872 ad
827 2796 1017 2872 definitam
1039 2797 1226 2898 quandam
1246 2795 1381 2896 potius,
1402 2819 1515 2896 quam

389 2924 435 2999 ad
452 2922 666 2998 universam
686 2921 960 3022 contemplandi
981 2922 1163 2997 rationem
1185 2919 1445 3023 adspiraruut)
1459 2919 1517 3023 (l)

388 3047 550 3124 alterum
569 3045 812 3149 intelligimus
832 3047 930 3151 quod
951 3071 1075 3123 rerum
1096 3052 1154 3123 est
1173 3047 1382 3123 substantia
1401 3050 1515 3147 atque

387 3172 567 3265 materia,
596 3173 829 3276 alterumque
857 3174 954 3275 quod
983 3174 1147 3250 omnium
1176 3175 1224 3250 sit
1253 3173 1432 3265 officialia,
1454 3171 1513 3246 di-

388 3301 535 3390 rector,
563 3302 601 3375 et
629 3299 832 3377 ordinator.

854 3576 976 3628 riRTlC.
999 3576 1057 3627 Vll.

441 3799 580 3901 Logice
599 3798 747 3900 quidem
761 3800 1021 3878 definientibus
1039 3808 1106 3880 aut
1125 3803 1408 3894 mathematice,
1428 3808 1515 3882 sim-

388 3925 498 4029 plicia
526 3925 816 4027 compositorum
845 3927 1026 4029 principia
1053 3929 1303 4007 videbuntur:
1333 3931 1386 4005 ita
1414 3933 1512 4008 enim

386 4051 519 4130 literae
551 4057 663 4154 atque
695 4051 860 4155 syllabae
891 4055 1075 4157 principia
1102 4062 1189 4134 sunt
1217 4059 1446 4146 dictionum,
1477 4064 1515 4136 et

432 4303 478 4384 (l)
500 4303 525 4364 11
546 4301 669 4364 Gfrtrer
690 4321 842 4383 corregge:
856 4305 1060 4385 adspirarint.
