3442 5108
780 338 960 398 -aci-

345 533 503 616 Principis
526 528 613 594 haud
637 527 716 592 beue
740 529 782 591 sit
807 525 982 590 membrum
999 540 1123 606 queque
1139 515 1329 583 differitatis.

344 661 448 724 Perre
471 664 587 740 etque
612 658 748 729 constat,
774 658 927 736 quantum
952 650 1007 712 ilia
1030 647 1165 712 assertio
1191 664 1276 708 vaua
1298 649 1357 718 est,

344 790 514 873 Proposito
540 788 632 872 plura
655 787 835 860 adnectam,
865 804 960 868 quam
985 783 1066 846 haec
1089 801 1203 846 caussa
1227 780 1381 862 requirat.

345 921 396 983 Au
414 938 477 981 nou
502 925 535 983 et
559 917 710 1000 spacium,
735 914 817 997 quod
841 933 957 996 cerpus
982 912 1134 984 coutiuet,
1159 906 1207 992 (l)
1232 908 1333 989 ipsum

346 1045 382 1108 Iu
407 1044 548 1128 longum,
573 1042 683 1121 latum,
708 1041 917 1122 distinguitur
941 1044 1036 1120 atque
1060 1033 1270 1119 profundum?

345 1177 396 1238 An
420 1193 483 1236 uun
508 1171 685 1236 dimensum
708 1177 778 1246 est,
804 1190 844 1233 an
870 1189 931 1233 ueu
957 1167 1113 1231 dimensio
1139 1168 1225 1232 trina
1248 1163 1318 1228 esti

345 1305 397 1368 Au
420 1322 610 1388 perseveras
633 1302 773 1385 spacium
800 1301 970 1386 Stagyrita
995 1298 1139 1384 negaret

344 1434 423 1500 Cum
449 1433 504 1500 tibi
529 1434 599 1517 plus
623 1434 723 1499 multo
747 1433 841 1499 (lebet
866 1434 935 1498 fieri
960 1433 1173 1513 manifestum,

344 1557 446 1631 Quam
471 1558 513 1623 sit
536 1560 684 1622 materies
709 1557 766 1623 tali
790 1560 914 1622 ratione
938 1562 1080 1641 reperta,

343 1686 421 1750 Heic
444 1684 497 1749 ubi
521 1685 694 1751 succedunt
717 1685 869 1750 obeuntia
893 1691 1014 1769 quauta
1039 1687 1188 1750 vicissim.

343 1816 425 1880 Nam
450 1821 573 1882 certum
597 1822 646 1881 est
669 1817 813 1899 spacium
838 1815 920 1898 qued
946 1836 1030 1879 nunc
1055 1835 1104 1878 me
1128 1814 1279 1886 continet,
1300 1818 1333 1878 et
1350 1831 1425 1875 mcx

342 1944 480 2009 Aureum
505 1965 621 2030 corpus
644 1945 791 2011 succedet
814 1946 939 2030 quaudo
964 1946 1118 2025 recedam,

343 2075 445 2152 Quod,
469 2076 565 2142 dubio
589 2097 682 2141 omne
706 2078 826 2162 procul,
852 2085 1007 2161 quantum
1031 2081 1079 2141 est
1103 2076 1237 2158 aequale
1263 2074 1409 2155 receptis,

343 2204 433 2286 Aque
456 2207 483 2268 is
507 2207 554 2290 (2)
579 2204 750 2281 diversum,
776 2211 954 2289 naturaque
979 2207 1074 2272 tertia
1100 2208 1237 2277 constat,

343 2333 431 2403 Quae
457 2341 565 2398 manet
590 2355 653 2398 uua
677 2333 787 2397 eadem
813 2333 899 2397 uuile
925 2333 1090 2397 variabilis
1115 2336 1206 2397 actu:

341 2454 425 2519 Nam
449 2457 537 2522 lucus
562 2459 647 2525 haud
671 2462 796 2545 proprie
815 2461 887 2525 finis
911 2458 1114 2544 reputabitur
1139 2458 1200 2533 ille,

344 2587 447 2656 Quam
472 2598 529 2652 tua
553 2590 721 2666 confinxit,
746 2593 915 2676 peregriua
938 2590 1016 2674 lege,
1043 2589 1201 2662 Minerva,

342 2710 478 2789 Planum
503 2735 560 2778 seu
585 2716 683 2781 facies
699 2718 769 2803 ejus
786 2717 869 2801 qued
893 2718 1048 2797 coutiuet,
1073 2715 1146 2780 heic
1170 2734 1242 2779 nam

341 2839 445 2906 Plana
468 2845 593 2910 iutiuita
616 2846 808 2930 prestabuut
834 2849 918 2913 iuter
942 2852 1120 2929 utramque,

340 2968 418 3032 Dico
442 2973 639 3056 superficiem
665 2977 817 3051 conteuti,
843 2997 964 3059 conque
987 2977 1135 3042 tenentis.
1160 2977 1208 3063 (3)

341 3095 469 3162 Scilicet
493 3103 528 3163 ut
551 3107 668 3183 puncto
693 3102 860 3189 interjecta
883 3117 931 3167 est
954 3103 1038 3167 linea
1060 3103 1145 3180 biue,

341 3228 392 3293 Sic
416 3227 512 3294 facies
537 3232 622 3298 iuter
644 3235 785 3316 spacium
805 3235 948 3319 jaciatur
972 3241 1107 3316 eportet,

342 3360 505 3434 Quaerere
530 3365 621 3450 cujus
646 3363 750 3428 adhuc
775 3365 875 3449 possis
899 3364 951 3448 qui
977 3364 1130 3427 terminus
1153 3369 1279 3440 exstet;

340 3486 445 3569 Atque
469 3489 514 3552 ita
537 3496 690 3574 perpetuo
714 3490 848 3556 ulterius
872 3492 938 3554 siue
964 3490 1025 3553 flue
1051 3492 1174 3574 vagari.

386 3617 469 3691 Quin
493 3621 589 3686 etiam
615 3627 722 3704 partes
745 3624 879 3705 antiquo
903 3643 944 3686 ex
967 3622 1116 3706 dogmate
1139 3644 1284 3697 servans,

341 3746 488 3815 Obstruis
512 3753 576 3836 ipse
599 3751 665 3831 tibi,
689 3754 861 3818 incestanti
886 3774 975 3828 vere,
1006 3756 1131 3818 viarum

341 3874 513 3962 Effugium‚
538 3902 609 3945 cum
634 3883 775 3948 conteuti
802 3885 860 3959 vie,
886 3904 1006 3968 cunque
1030 3889 1166 3951 teueutis

326 4123 356 4175 (1)
367 4124 453 4171 Questa
464 4127 573 4182 virgulae
586 4130 605 4171 ia
617 4130 750 4185 precedente
760 4143 870 4174 mancunc
880 4134 915 4176 nel
924 4140 989 4175 testo.

323 4221 354 4274 22¹)
366 4220 381 4261 Ι]
392 4227 448 4263 testo
456 4222 493 4265 ha:
504 4226 540 4266 iis.
551 4226 567 4267 11
577 4226 648 4268 Bruuc
658 4227 730 4269 scrire
739 4228 805 4282 quusi
814 4239 901 4284 sempre
911 4231 936 4282 ii,
948 4231 1027 4272 iisdem
1044 4242 1088 4283 cc,
1103 4230 1237 4274 commendo
1251 4230 1272 4272 le
1286 4231 1328 4273 due
1343 4231 1418 4274 vocali

294 4314 315 4358 in
325 4328 371 4359 una
381 4317 468 4362 siliaba.
481 4321 647 4366 L'avvertiamc
657 4333 736 4380 questa
747 4327 807 4369 voitu
816 4341 855 4383 per
863 4336 926 4372 tutte.

323 4412 353 4465 (8)
367 4414 462 4466 conque
474 4419 571 4460 renerius
581 4424 617 4461 sui
626 4430 671 4474 per:
681 4425 703 4461 et
712 4423 865 4464 conterrentes.
