3442 5108
765 377 944 439 ...125-

296 571 379 664 bet,
407 593 528 672 neque
556 569 776 671 incorporea
791 594 800 647 :
818 548 921 647 haud
940 569 1089 673 quidem
1111 593 1310 674 corporea,
1329 569 1417 674 quia

295 719 371 772 non
408 677 605 772 sensibile:
646 694 756 772 haudw
782 695 1024 797 incorporea,
1061 695 1148 798 quia
1188 695 1418 799 magnitudi-

296 844 383 897 nem
419 818 543 897 habet.
581 819 701 897 Porro
737 845 901 898 vacuum
937 823 1019 908 est,
1056 846 1123 899 seu
1160 821 1349 923 spacium,
1376 820 1415 897 in

295 970 368 1048 quo
393 948 479 1022 sunt
512 969 669 1047 corpora
690 932 987 1047 magnitudinem
1014 946 1213 1025 habentia:
1242 947 1321 1024 sive
1350 947 1420 1024 ele·

295 1071 449 1164 menta,
476 1068 556 1146 sive
589 1094 636 1146 ex
664 1068 854 1146 elementis
882 1069 1092 1146 constantia
1117 1070 1310 1173 percipias.
1329 1072 1422 1148 Esse

294 1197 421 1271 autem
448 1194 541 1271 duas
559 1193 799 1272 dimensionis
828 1195 982 1297 speeies
1002 1193 1139 1272 alteras
1159 1196 1308 1297 quidem
1331 1222 1421 1299 spa·

295 1319 356 1413 cii,
374 1318 512 1397 alteras
539 1344 629 1396 vero
649 1321 728 1421 eJus
748 1319 845 1420 quod
864 1319 902 1396 in
921 1319 1058 1423 spacio,
1078 1344 1196 1423 neque
1209 1321 1422 1424 impossibi-

295 1445 330 1522 le
349 1448 417 1538 est,
436 1470 557 1548 neque
575 1445 852 1537 inconveniens,
880 1445 944 1522 sed
971 1447 1134 1524 maxime
1152 1437 1418 1524 necessarium.

295 1569 422 1671 Neque
451 1574 509 1647 est
536 1569 633 1672 quod
651 1568 775 1646 locum
794 1569 841 1644 ad
873 1568 1064 1647 definitam
1083 1570 1245 1673 aliquam
1264 1574 1423 1672 quatuor
1453 1616 1456 1623 ·

296 1719 494 1773 causarum
527 1694 666 1771 referre
697 1695 808 1794 cogat
838 1693 1084 1788 Aristotelea,
1105 1720 1190 1774 cum
1217 1696 1295 1797 ipse
1314 1695 1421 1772 nobis

296 1844 381 1896 cum
400 1823 568 1921 tempore
586 1822 734 1896 sextum
753 1844 889 1897 causae
911 1844 1029 1922 genus
1048 1820 1262 1914 constituat,
1281 1824 1319 1897 et
1338 1820 1423 1897 Pla·
1461 1836 1463 1842 ’

296 1945 374 2021 toni
399 1944 589 2047 exemplar
607 1945 766 2038 addenti,
787 1945 998 2047 septimum.
1018 1946 1095 2023 Nec
1113 1970 1294 2048 negamus
1312 1947 1424 2023 Zeno

295 2066 346 2159 ni,
372 2068 469 2167 quod
489 2093 574 2144 cum
593 2066 697 2144 locus
727 2067 796 2160 sit,
816 2067 952 2143 alicubi
971 2067 1044 2144 sit:
1065 2072 1121 2145 est
1140 2068 1240 2145 enim
1259 2063 1421 2158 alieubi,

297 2199 339 2269 ut
357 2193 395 2269 in
413 2220 486 2295 quo
506 2193 643 2296 aliquid
663 2194 730 2286 sit3
754 2217 831 2270 non
849 2196 976 2271 autem
994 2193 1141 2287 alieubi,
1164 2194 1262 2295 quod
1284 2193 1323 2269 in
1350 2191 1422 2268 alio

296 2317 355 2394 sit.
389 2318 494 2403 Quae
526 2345 602 2398 non
629 2320 812 2397 translata
831 2323 1042 2420 augentur,
1070 2344 1145 2398 non
1163 2321 1311 2397 mutant
1330 2342 1420 2420 spa·

295 2442 407 2537 cium,
427 2446 490 2522 sed
511 2447 670 2550 amplius
689 2445 891 2522 adsumunt
909 2446 1088 2547 spacium,
1104 2446 1135 2523 si
1154 2446 1227 2523 illis
1241 2468 1419 2547 augmen·

296 2571 378 2647 tum
396 2571 540 2649 aceedit
558 2573 596 2649 in
615 2573 660 2650 iis
679 2595 773 2674 quae
793 2596 816 2648 a
834 2570 911 2648 solo
926 2572 1137 2651 extrinseco
1150 2568 1344 2676 principio,
1359 2591 1421 2644 ex-

296 2693 479 2774 trinsecus
499 2698 685 2776 additione
704 2698 815 2790 facta,
835 2695 977 2773 maiora
995 2698 1101 2776 fiunt.

738 2971 856 3026 Annio.
884 2971 989 3025 XXIX.

358 3195 448 3273 Loci
479 3198 655 3278 nimirum
687 3197 878 3277 continere
910 3202 987 3293 est,
1021 3199 1174 3277 minime
1192 3200 1318 3275 autem
1336 3200 1419 3274 ter-

301 3345 455 3401 mmare.

800 3473 922 3528 RATIO.

360 3699 562 3778 Continere
590 3697 737 3799 quidem
770 3697 841 3776 loci
860 3704 941 3792 est,
960 3698 1165 3776 terminare
1183 3699 1308 3775 autem
1327 3695 1423 3800 alJ'us

295 3830 354 3902 est
379 3824 562 3927 principii,
582 3823 680 3925 quod
699 3828 845 3902 tantum
865 3830 902 3903 et
932 3825 1005 3902 tale
1020 3849 1154 3927 corpus
1170 3820 1332 3901 locatum
1343 3847 1426 3900 con·

234 4039 236 4044 y
296 3952 430 4029 stituit:
464 3957 564 4028 certe
582 3950 699 4028 tutius
718 3951 878 4047 dixeris,
907 3951 1017 4044 illud,
1046 3949 1144 4052 quod
1171 3948 1348 4026 terminat
1377 3946 1426 4025 lo-
1490 3994 1497 4009 ι

296 4101 395 4170 cum,
411 4101 493 4154 esse
522 4076 698 4169 locatum,
718 4101 830 4177 quam
850 4101 870 4154 e
889 4080 1039 4168 contra3
1060 4074 1131 4151 nisi
1150 4071 1221 4150 loci
1240 4073 1424 4176 significa-

296 4201 437 4278 tionem
471 4201 553 4301 quis
586 4199 787 4278 transferat
813 4201 860 4277 ad
888 4227 956 4279 vas
987 4200 1027 4276 in
1061 4223 1133 4302 quo
1162 4217 1259 4298 aqua
1282 4195 1342 4274 vel
1361 4221 1426 4274 aer

299 4327 557 4422 continendus
577 4328 743 4429 ejusdem
760 4327 857 4405 molo
884 4332 997 4430 atque
1023 4328 1146 4429 figura
1180 4322 1423 4401 terminetur:
