3442 5108
773 393 890 453 -273
915 426 953 438 -

332 587 490 666 latinum,
515 592 647 672 possent
672 607 723 651 res
747 605 856 650 omnes
882 584 1078 668 perpetuari,

333 718 399 784 Ceu
424 718 510 782 vires
534 721 620 780 certe
645 716 822 780 retinerent
845 734 969 798 semper
992 713 1128 779 easdem.

335 847 421 930 Ergo
447 849 483 907 ut
506 843 610 908 nativi
634 841 739 927 major
764 838 933 905 confluxus
958 839 1108 916 habetur,

335 975 386 1040 Sic
412 975 513 1057 magis
537 978 632 1055 atque
656 974 759 1056 magis
784 977 949 1056 vegetant,
974 970 1124 1057 ultroque
1148 970 1335 1035 adolescunt

1035 1072 1042 1095 ι

336 1111 467 1176 Certam
491 1131 591 1192 usque
615 1109 655 1172 ad
679 1113 805 1183 metam,
831 1126 893 1189 qua
917 1105 1047 1171 adtacta
1070 1094 1187 1167 exinde
1211 1101 1386 1183 fatiscunt,

336 1237 490 1321 Corpora,
514 1256 652 1318 namque
676 1253 823 1318 premens
848 1231 959 1295 eadem
983 1234 1032 1294 est
1054 1229 1238 1293 contrarius
1262 1225 1351 1292 ordo.

337 1366 465 1458 Semina
483 1365 532 1448 (l)
556 1366 602 1428 uti
628 1366 746 1428 circum
771 1362 846 1426 dum
870 1380 1006 1444 corpora
1030 1360 1325 1445 conglomerantur,

337 1494 441 1576 Atque
466 1495 565 1557 atomi
590 1493 630 1558 ad
654 1495 773 1577 parteis
798 1493 959 1558 adduntur
982 1492 1228 1568 continuandam

340 1621 465 1685 interea
490 1623 637 1704 proprios
662 1622 829 1705 consurgit
853 1640 968 1704 corpus
992 1623 1024 1684 in
1049 1626 1151 1698 artus3

341 1746 384 1811 Ut
407 1754 518 1830 partes
543 1754 648 1811 autem
673 1768 690 1810 e
715 1757 826 1812 centro
850 1749 1114 1834 englomerantur
1137 1749 1278 1825 eaedem,

339 1875 419 1939 Tam
444 1874 523 1941 bene
548 1878 704 1960 composti
728 1877 809 1942 fiunt
833 1877 974 1944 divortia
996 1882 1121 1943 sensim.

335 2011 405 2074 Hoc
428 2011 454 2073 si
479 2011 510 2072 in
536 2011 730 2095 principibus
756 1988 924 2099 contingat
947 2014 1005 2100 (2),
1034 2016 1284 2102 corporibusque

334 2144 378 2210 Ut
399 2142 481 2207 solet
504 2141 536 2203 in
562 2146 681 2227 parvis,
708 2149 833 2209 atomos
858 2148 979 2210 circum
1002 2149 1070 2211 sine
1095 2149 1157 2213 fine

338 2275 518 2340 Concedam
543 2275 646 2351 facile,
672 2296 710 2339 ac
734 2276 853 2338 circum
877 2295 933 2358 per
957 2277 1052 2340 inane
1077 2283 1258 2362 vaganteS,

337 2411 472 2485 Quando
498 2412 640 2478 infinitae
664 2410 839 2477 succedunt
863 2411 1042 2477 alteritates

336 2539 539 2624 CorporibuS,
565 2561 647 2623 quae
671 2560 747 2603 mox
772 2561 834 2605 una
859 2562 876 2604 e
900 2542 1030 2626 regione
1055 2541 1185 2626 repulsa

337 2669 506 2753 Excipiant
530 2668 623 2732 aliae.
649 2669 777 2733 Interea
802 2688 840 2731 ne
864 2668 986 2735 credito
1011 2689 1104 2754 posse

337 2799 431 2864 Tales
455 2806 591 2865 naturae
615 2798 662 2882 (53)
687 2816 825 2862 canones
851 2800 1035 2876 consistere,
1061 2822 1172 2886 nempe

339 2930 408 2993 Ilac
432 2927 536 2992 forma
559 2948 716 2992 excursus
742 2928 799 2996 fiat
821 2929 965 3010 declivia
991 2939 1027 2997 ut
1050 2951 1188 3015 unquam

337 3055 387 3120 Ad
412 3058 528 3119 metam
553 3074 616 3118 non
642 3056 828 3140 impingant,
853 3057 1031 3140 sistuntque
1057 3064 1184 3146 vagari,

337 3182 445 3245 Donec
467 3179 629 3246 fortunam
652 3182 821 3247 incurrant
845 3182 1046 3267 peragrando
1071 3185 1101 3248 in
1126 3187 1271 3252 eandem.

338 3313 421 3377 Nam
447 3312 506 3375 nisi
531 3312 720 3386 consistant,
746 3312 872 3374 ratione
895 3311 956 3374 hac
980 3333 1061 3395 quae
1084 3314 1245 3397 patefacta
1262 3321 1327 3394 est,

338 3441 543 3523 Tandemque
567 3461 584 3504 e
608 3441 744 3523 propriis
768 3439 951 3523 demigreut
974 3439 1100 3504 sedilms
1122 3445 1187 3507 isco
1212 3445 1270 3529 (vl);

338 3570 427 3641 Quae
452 3573 547 3632 caret
570 3586 730 3649 opponens
755 3566 814 3651 (5),
840 3571 871 3628 te
895 3564 980 3628 mille
1004 3565 1144 3632 absurda
1167 3575 1351 3653 sequentur.

337 3698 489 3763 Attamen
514 3717 584 3760 esse
608 3698 726 3779 nequit,
751 3699 826 3779 quia
849 3699 966 3782 passim
993 3719 1130 3784 corpora
1155 3721 1273 3785 magna

320 3975 350 4033 (i)
363 3977 378 4019 ΙΙ
390 3982 451 4019 testo
466 3975 506 4018 ha:
518 3977 608 4018 soranae
619 4007 624 4028 ,
635 3989 647 4017 e
659 3987 701 4017 non
713 3988 752 4018 va.
763 3973 780 4016 ll
790 3986 856 4017 senso
865 3976 891 4017 e:
906 3974 1047 4031 unicornem
1057 3977 1269 4029 concionarentur
1279 3978 1368 4021 circum
1380 3988 1416 4020 ae·

294 4074 365 4113 nn'no¹

318 4169 347 4219 (¹2)
359 4168 443 4214 ansta
454 4165 540 4218 virgula
550 4176 631 4206 ararica
641 4163 678 4206 uel
687 4171 752 4207 testo.

320 4263 349 4316 (23)
367 4261 383 4302 ΙΙ
397 4267 455 4303 tesia
470 4260 511 4301 lm:
523 4272 638 4303 nwerue.

319 4359 348 4406 tii
364 4357 380 4399 11
394 4364 451 4400 testu
466 4355 506 4399 ha:
524 4359 585 4408 n'scm
597 4370 633 4400 ma
643 4355 761 4399 scrivendo
776 4354 821 4399 nce
835 4354 854 4399 si
864 4351 921 4399 rede
931 4354 1011 4411 meglio
1020 4352 1042 4400 lu
1053 4355 1205 4400 contr-atione.

320 4451 351 4508 (5)
363 4451 448 4502 Quane
458 4451 545 4509 virgula
556 4464 636 4496 manca
646 4452 682 4496 nel
692 4458 756 4498 testo.
