3442 5108
758 307 939 365 -278-

295 500 355 569 OG,
376 495 441 556 DH.
464 484 568 572 ltaque
589 514 646 555 non
667 497 712 553 est
732 496 810 572 qnod
825 499 856 554 et
876 496 912 553 ad
923 495 1069 556 infinitam
1085 516 1176 573 usque
1187 498 1420 575 magnitudinem

299 625 328 680 et
349 621 490 679 virtutem
512 623 647 678 recurrat
667 618 844 679 Aristoteles
857 623 891 678 nt
905 624 935 678 et
955 639 1011 678 non
1032 620 1061 678 in
1082 625 1214 697 tempore
1232 626 1329 681 motus
1350 639 1420 679 oon·

294 747 444 821 sequatur,
465 746 495 801 et
509 741 643 801 transitio
665 741 721 819 (l),
743 742 794 799 sed
815 739 845 799 in
865 743 921 800 hoo
942 743 1041 802 nullus
1063 761 1145 803 orror
1165 749 1218 805 est.

731 1035 874 1101 CAPUT
898 1037 970 1102 Vll.

319 1305 474 1360 Respondetur
483 1305 512 1348 nd
522 1311 628 1361 quartum
638 1314 803 1360 argumentum,
811 1306 946 1349 ostendendo
957 1308 973 1347 l.
984 1307 1092 1362 quomodo
1107 1309 1128 1349 in
1143 1307 1226 1351 infinito
1236 1307 1316 1363 ubique
1326 1308 1388 1351 finita

343 1402 373 1445 sit
381 1403 440 1445 actio
450 1410 518 1458 atque
528 1384 609 1458 passio}
616 1405 641 1445 ll.
650 1416 691 1446 non
702 1410 809 1458 sepiatur
818 1403 877 1445 aetio
888 1403 972 1445 infinita
982 1416 1035 1446 casu
1045 1415 1087 1458 quo
1097 1417 1141 1446 una
1150 1417 1173 1447 se
1183 1403 1226 1445 dno
1237 1404 1267 1458 (2)
1280 1402 1393 1444 contraria

344 1500 458 1554 attingant
466 1501 612 1543 extremiune.
620 1502 655 1543 lll.
664 1515 718 1544 casn
729 1502 796 1543 etiam
807 1514 850 1556 quo
859 1500 952 1543 invitem
962 1500 1097 1544 rnisceantnr
1107 1501 1128 1543 in
1138 1513 1219 1556 corpus
1228 1513 1301 1542 nuum.
1313 1501 1349 1542 ll'.
1356 1512 1391 1543 ca·

344 1609 370 1638 sn
381 1609 424 1652 quo
434 1598 495 1641 circa
505 1611 571 1641 unum
581 1600 715 1642 contrarium
726 1599 819 1652 linitum,
828 1599 959 1641 immensum
968 1600 997 1642 sit
1005 1599 1108 1642 alterum
1125 1600 1152 1642 V.
1164 1598 1221 1654 qnod
1230 1605 1304 1641 tamen
1314 1611 1392 1641 neces·

343 1694 425 1736 sarium
435 1696 465 1737 eit
474 1697 586 1738 contraria
593 1709 663 1751 aeque
674 1695 790 1738 extensive
799 1707 879 1750 ponere
888 1701 912 1736 et
922 1696 1028 1737 materiae
1038 1694 1196 1748 magnitudine,
1208 1702 1231 1737 et
1239 1694 1322 1737 numeri
1332 1694 1388 1736 mul-

344 1788 437 1832 titudiue
447 1790 536 1835 infinita.

380 2008 425 2072 nt
449 2027 527 2072 vero
552 2009 716 2086 immenso,
741 2008 824 2092 quod
849 2009 956 2072 nullus
981 2011 1137 2076 terminus
1162 2008 1269 2085 anibit,

336 2136 431 2203 liotio
458 2157 523 2201 non
548 2138 614 2203 ulla
638 2142 688 2203 est
711 2160 853 2224 prorsus
880 2161 980 2225 neque
1004 2144 1129 2226 passio:
1155 2161 1251 2227 porro

334 2272 437 2357 Ipsius
461 2275 564 2338 estin
591 2293 624 2337 se
649 2283 781 2340 cunctos
805 2275 1028 2361 comprendere
1052 2275 1139 2341 fines

334 2404 413 2468 Mox
440 2403 520 2468 nihil
544 2405 643 2488 ipsius
666 2427 740 2492 pars
765 2413 824 2481 est,
849 2429 960 2473 verum
984 2410 1091 2474 omnia
1116 2410 1237 2494 inipso

334 2535 534 2613 Consislunt,
560 2535 699 2604 definitis
724 2540 897 2606 virtutibus
922 2544 1014 2604 nota:

333 2668 399 2732 Per
422 2688 588 2734 numerum
614 2671 827 2746 innumerum,
852 2671 976 2737 infinito
1000 2672 1116 2738 robore
1140 2671 1258 2755 ubique
1281 2672 1329 2757 (3)

334 2799 445 2864 Finita
469 2800 592 2866 virtuto
616 2801 706 2866 valet
729 2822 786 2885 per
809 2802 945 2888 singula,
972 2823 1083 2886 nempe

335 2929 445 2995 Rebus
470 2929 550 2995 dans
573 2934 696 2999 cunctis
720 2936 803 3016 quod
830 2940 939 3020 agant,
964 2942 996 3002 et
1020 2935 1102 3020 quod
1126 2936 1301 3020 patiantur,

334 3062 569 3146 Ordinibusque
595 3065 662 3128 suis
686 3066 855 3131 varientur
877 3067 1147 3149 consequitanter.

334 3195 523 3279 Quanquam
550 3217 629 3280 ergo
654 3198 842 3263 innumerae
866 3205 973 3282 partes
991 3199 1154 3282 patiantur
1171 3200 1345 3281 aguntque,
1363 3195 1412 3279 (4)

333 3321 473 3387 Adversi
496 3322 606 3387 mnndi
631 3323 716 3405 hino,
744 3330 839 3408 atque
862 3325 950 3388 illino
974 3325 1038 3389 sint
1062 3325 1129 3389 sine
1154 3322 1225 3398 tine,

334 3453 376 3517 Et
397 3454 444 3518 sio
468 3459 582 3521 contra
605 3460 702 3533 stent,
725 3458 772 3520 sio
797 3456 1008 3521 concilientur
1033 3456 1063 3517 in
1089 3474 1209 3533 unum3

324 3575 524 3665 ‘Immensum
549 3586 699 3651 immenso
724 3605 786 3650 non
812 3585 884 3650 inde
908 3585 1072 3669 repellitur
1096 3602 1160 3647 uno

332 3717 427 3793 Actu,
456 3721 490 3783 at
513 3718 613 3783 linitis
637 3719 691 3802 qui
716 3723 791 3783 sunt
813 3721 882 3783 sine
905 3717 967 3781 fine
993 3738 1048 3801 per
1071 3736 1163 3782 omne

331 3847 477 3916 Distinoti
504 3850 657 3934 spacium.
683 3848 789 3922 Quare
814 3854 932 3914 natura
956 3846 1077 3913 refutat

314 4089 345 4143 tl)
357 4090 372 4131 ll
388 4089 498 4132 testona:
514 4091 644 4133 transilias.

314 4182 345 4236 (ἓ)
357 4181 372 4223 ll
381 4189 440 4224 testo
450 4182 490 4224 ha:
502 4184 579 4224 sedero.

314 4279 344 4330 (u)
357 4279 441 4326 Questa
456 4278 544 4331 virgula
554 4289 634 4320 manca
645 4278 680 4319 nel
691 4285 755 4321 testo.

313 4372 344 4424 (tl
354 4371 438 4419 Questa
448 4372 536 4427 virgula
546 4384 626 4415 manca
636 4384 696 4426 pure.
