3442 5108
895 807 1015 861 ARTIC.
1044 808 1134 861 XVll.

503 1036 582 1113 Nec
609 1039 691 1112 tute
717 1040 864 1112 motum
892 1040 1019 1113 actum
1047 1036 1266 1139 imperfecti,
1294 1059 1414 1138 neque
1442 1041 1500 1114 sat
1518 1062 1580 1115 ve-

457 1186 498 1237 re
525 1165 652 1239 actum
679 1162 938 1264 imperfectum
966 1163 1104 1239 dixeris
1133 1188 1308 1266 unquam,
1337 1164 1526 1241 interdum
1545 1189 1581 1240 e-

454 1286 531 1362 nim
560 1292 617 1364 est
643 1292 750 1364 actus
777 1288 944 1390 perfecti,
974 1292 1227 1391 perpetuoque
1255 1294 1361 1366 actus
1390 1291 1577 1392 perfectus

451 1415 519 1506 est,
549 1413 581 1488 si
619 1415 666 1490 ad
694 1414 795 1509 illud,
824 1416 922 1516 quod
949 1415 996 1490 ad
1024 1414 1147 1516 ipsum
1175 1420 1231 1491 est
1258 1416 1296 1493 in
1324 1416 1504 1519 potentia,
1525 1443 1580 1495 se-

454 1539 617 1617 cundum
646 1542 744 1643 quod
771 1540 999 1643 hujusmodi,
1028 1543 1302 1645 respexerimus
1330 1541 1399 1649 (1).

962 1819 1083 1872 RATIO.

507 2048 619 2127 Omni
638 2046 754 2123 motui
774 2045 928 2122 minime
947 2046 1146 2124 convenire
1166 2049 1323 2139 constat,
1344 2070 1426 2122 esse
1445 2051 1573 2125 actum

454 2173 670 2275 imperfecti,
699 2176 824 2247 motus
853 2173 951 2249 enim
980 2174 1082 2250 coelo
1112 2178 1154 2248 ut
1182 2176 1289 2248 actus
1317 2171 1471 2273 perfecti
1490 2198 1575 2250 con-

452 2301 556 2377 venit
576 2301 673 2401 apud
689 2297 929 2375 Aristotelem
944 2299 1080 2402 ipsum,
1095 2304 1133 2375 et
1151 2298 1250 2400 apud
1273 2322 1342 2373 uos
1358 2297 1420 2400 qui
1432 2296 1576 2404 (2)glo·

454 2429 510 2504 bis
540 2427 736 2504 universis
765 2426 870 2502 llaec
898 2430 956 2502 est
984 2427 1080 2502 ratio
1108 2429 1201 2528 ejus,
1230 2429 1273 2502 ut
1300 2433 1499 2501 moveatur
1516 2449 1581 2502 na·

454 2553 647 2631 turaliter:
677 2553 774 2653 quod
816 2553 846 2627 si
883 2577 957 2628 non
986 2557 1227 2644 moveretur,
1256 2576 1332 2627 non
1360 2554 1460 2628 esset
1487 2562 1579 2629 sanc

455 2678 599 2756 coelum
628 2677 832 2754 Aristoteli:
863 2701 936 2753 non
965 2678 1065 2752 enim
1084 2677 1196 2754 altius
1215 2702 1336 2779 neque
1359 2676 1581 2780 profundius

455 2805 584 2880 definit
611 2803 768 2888 coelum,
786 2827 896 2905 qumn
924 2828 1059 2902 corpus
1088 2802 1321 2878 circulariter
1349 2801 1497 2877 mobile.
1516 2802 1583 2878 lllc

455 2957 544 3008 sane
573 2934 631 3007 est
658 2936 764 3005 actus
792 2930 973 3031 perlecti,
1004 2929 1064 3031 qui
1094 2929 1270 3005 convenit
1307 2929 1474 3030 subjecto
1502 2931 1580 3007 exi-

456 3057 567 3133 stenti
596 3057 634 3132 in
664 3055 825 3132 maxime
854 3056 922 3131 situ
949 3055 1112 3131 naturali
1140 3055 1400 3156 dispositione,
1429 3061 1467 3133 et
1495 3057 1585 3134 ulti-

456 3208 559 3259 mum
588 3183 787 3283 attingenti
816 3183 1045 3258 enteleclriac
1073 3179 1130 3283 (3)
1158 3182 1387 3257 terminum:
1416 3185 1460 3259 ut
1486 3208 1578 3286 ergo

456 3312 561 3383 actus
590 3307 741 3408 perfecti
770 3308 1003 3399 estaminia,
1032 3307 1149 3382 itaet
1178 3311 1299 3383 motus
1328 3307 1400 3384 iste
1427 3313 1586 3386 natura-

457 3435 500 3509 lis
530 3434 592 3536 qui
620 3434 766 3510 animae
793 3435 1042 3537 praesentiam
1070 3460 1137 3536 per
1165 3459 1203 3509 se
1231 3438 1410 3535 tanquam
1424 3436 1578 3537 propria

456 3557 579 3658 passio
622 3557 886 3659 consequitur,
915 3558 988 3633 imo
1031 3557 1314 3634 concomitatur.
1357 3557 1435 3634 Nec
1473 3560 1582 3637 obest
1653 3544 1656 3549 ¹

457 3684 554 3784 quod
582 3683 702 3760 omnis
730 3689 853 3761 motus
883 3689 939 3761 est
967 3688 1119 3787 propter
1137 3683 1392 3787 indigentiam,
1410 3710 1459 3762 ne
1477 3685 1582 3765 dica-

497 3928 539 3999 (l)
554 3929 580 3986 Α
596 3932 698 4004 questo
713 3928 876 4004 periorletto
891 3946 995 3987 manea
1008 3928 1037 3986 lu
1051 3928 1281 4006 punteggiatura
1294 3929 1342 3988 nel
1356 3931 1443 3989 testo.
1455 3929 1481 3988 Il
1494 3927 1588 3990 efro-

458 4044 506 4085 rer
527 4027 575 4103 poi
596 4029 810 4104 eorreggendo:
832 4030 936 4106 prcoad
957 4031 1056 4106 sperem
1067 4037 1113 4088 est
1129 4029 1162 4086 ic
1170 4031 1321 4106 potentia,
1335 4027 1366 4088 fa
1377 4046 1416 4088 un
1431 4047 1502 4090 vero
1517 4047 1586 4108 gar·

458 4126 568 4200 buglia

500 4224 545 4304 (2)
568 4225 591 4284 ll
607 4226 730 4285 Glrorer
751 4227 898 4304 sopprime
909 4229 929 4288 il
943 4233 1007 4306 qui,
1022 4229 1101 4289 forse
1115 4247 1167 4307 per
1188 4248 1246 4289 nou
1262 4245 1351 4289 arere
1364 4228 1470 4303 intem,
1484 4228 1540 4290 cho
1554 4229 1586 4292 la

458 4323 538 4384 frose
552 4344 591 4383 va
604 4327 769 4402 integrata:
784 4336 888 4387 recolas
898 4333 955 4406 pai
963 4333 1114 4391 concepit.

500 4422 546 4504 (3)
562 4425 587 4486 ll
602 4429 676 4486 testo
692 4428 730 4487 lia
744 4427 871 4488 un'altra
887 4428 977 4490 volta:
1000 4431 1197 4494 endelechiae.
