3442 5108
938 336 978 352 -
999 306 1117 367 326-

503 484 534 546 Si
555 504 659 549 versus
679 490 829 550 abstentos
843 490 971 552 aetheris
992 497 1091 571 partes
1105 512 1124 555 a
1137 495 1257 557 Tellure
1270 495 1392 559 daretur
1405 497 1495 559 avelli
1508 544 1517 574 ,
1532 517 1587 561 ne-

463 627 609 688 quaquam
623 614 774 690 oontingct
787 615 947 677 horizontis
961 634 1092 680 crescere
1106 619 1214 680 molem
1229 641 1237 678 ε
1250 624 1359 696 quanto
1380 621 1487 700 qnippe
1502 622 1586 683 atel·

461 732 527 791 lure
541 733 635 810 magis
649 736 834 812 elongatione,
848 739 932 796 tento
947 736 1070 798 visualis
1084 738 1210 816 angulus
1225 756 1315 818 super
1329 740 1431 800 eadem
1444 740 1509 802 basi
1524 741 1581 801 mi·

446 873 515 923 ‚nor
528 855 685 932 efficietur,
700 862 733 920 ut
747 861 829 937 patet
846 876 936 937 super
948 857 1011 918 basi
1026 859 1077 918 Ah
1095 857 1247 935 productis
1261 859 1417 936 triangulis
1430 875 1449 917 a
1461 859 1579 936 punctis

461 976 488 1037 l.
512 976 540 1038 2.
564 976 595 1038 3.
608 979 636 1037 l.
651 976 779 1054 ideoque
801 977 903 1036 oculus
917 979 1026 1052 quanto
1040 975 1136 1052 magis
1150 992 1168 1035 a
1181 975 1278 1052 speeie
1291 976 1414 1037 visibilis
1428 976 1583 1055 magnitu-

460 1094 537 1156 dinis
551 1095 678 1172 absistit,
692 1100 776 1158 tanto
788 1095 883 1156 minor
896 1097 1022 1175 angulus
1035 1098 1072 1158 ad
1083 1098 1202 1158 easdem
1213 1098 1259 1179 (l)
1271 1099 1366 1160 tendit
1376 1103 1581 1163 extremitates

459 1219 557 1296 hosis,
574 1221 659 1299 cujus
683 1221 798 1299 angulis
817 1220 912 1298 magis
934 1224 1022 1299 atque
1036 1221 1132 1298 magis
1146 1220 1184 1280 ad
1198 1219 1403 1281 rectitudinem
1416 1221 1584 1282 accedenti·

459 1341 533 1417 bus,
548 1342 667 1402 tandem
688 1346 718 1403 et
732 1343 860 1419 angulus
873 1343 903 1404 in
917 1344 1000 1403 oculo
1014 1343 1112 1403 nullus
1127 1347 1183 1418 est,
1196 1362 1212 1404 e
1240 1344 1320 1405 basis
1337 1344 1428 1417 nulla,
1449 1347 1479 1405 et
1493 1346 1575 1404 totus

401 1526 406 1535 ,
457 1462 621 1539 triangulus
637 1462 667 1521 in
682 1461 790 1521 lineam
803 1461 1070 1524 evanuit-Extra
1084 1463 1218 1530 umbram
1233 1480 1348 1540 quoque
1368 1461 1483 1522 telluris
1504 1481 1576 1522 con-

459 1580 584 1640 stitutus
599 1597 655 1639 non
671 1579 752 1641 videt
772 1579 862 1641 aliam
876 1581 980 1657 lucem3
995 1581 1049 1643 nisi
1064 1582 1143 1656 solis,
1157 1585 1187 1642 et
1198 1582 1331 1642 informis
1341 1581 1499 1642 admodum
1510 1581 1578 1644 diei.

456 1703 570 1764 Umbra
593 1703 701 1782 quippe
721 1706 817 1798 noctis
837 1709 883 1764 est
903 1723 978 1783 quae
999 1703 1069 1765 iacit
1089 1704 1189 1763 videre
1209 1704 1326 1778 stellas,
1348 1709 1378 1766 et
1392 1706 1497 1765 umbra
1510 1703 1579 1776 diei,

336 1899 339 1906 Ι
455 1843 531 1902 quae
545 1826 580 1888 fit
594 1826 636 1900 (2)
656 1846 695 1889 ex
708 1828 774 1889 luce
788 1828 858 1888 solis
872 1846 938 1888 cnm
954 1829 1081 1889 tenebris
1094 1828 1208 1889 telluris
1222 1828 1365 1904 admixta,
1380 1830 1455 1890 ulios
1475 1830 1579 1891 videre

454 1943 608 2026 iacit‚(qni
623 1964 662 2007 ex
676 1947 801 2008 duorum
815 1948 939 2009 istorum
951 1948 1165 2009 contrariorum
1179 1955 1464 2029 contemperamento
1476 1968 1580 2030 prove·

454 2068 560 2150 ciunt),
583 2070 703 2131 colores.
718 2070 798 2147 Ergo
812 2070 838 2130 si
850 2071 882 2130 in
894 2089 989 2131 vacuo
1004 2076 1090 2132 extra
1103 2074 1240 2133 tellurem
1254 2075 1374 2136 aethere
1388 2093 1453 2137 esse
1463 2075 1577 2148 liceret,

453 2194 526 2256 nihil
539 2198 616 2255 esset
630 2193 745 2255 visibile
760 2198 877 2271 praeter
890 2194 1092 2254 tristissimum
1105 2193 1406 2273 infaustissimumque
1424 2194 1531 2269 solem,
1546 2199 1577 2254 et

452 2318 510 2379 alio
531 2335 619 2378 sensu
634 2315 706 2376 nihil
720 2320 838 2393 praeter
852 2315 943 2395 ipsius
957 2317 1087 2376 calorem
1101 2320 1177 2377 esset
1198 2317 1355 2393 sensibile3
1371 2336 1457 2394 quem
1478 2334 1573 2395 neque

452 2441 652 2503 vastissimum
666 2439 780 2500 telluris
794 2456 920 2516 corpus,
934 2438 989 2498 nisi
1004 2437 1190 2515 rapidissima
1206 2437 1402 2512 revolutione,
1416 2436 1572 2502 sustineat:

451 2578 508 2637 quo
529 2559 607 2619 cirea
627 2557 668 2619 ihi
689 2575 747 2617 non
768 2561 813 2618 est
827 2557 880 2617 ulli
892 2556 1056 2635 peregrino,
1070 2561 1276 2635 praeterquam
1298 2558 1395 2631 astris,
1412 2556 1575 2619 consistere

451 2679 596 2759 possibile.
611 2677 681 2738 Ideo
696 2675 817 2755 physice
827 2676 973 2753 judicanti
988 2693 1047 2735 nou
1066 2674 1234 2736 invenietur
1255 2674 1367 2736 felicior
1389 2675 1449 2736 ulla
1469 2672 1571 2749 statio,

451 2817 540 2877 quam
564 2798 595 2858 iu
622 2800 769 2880 astrorum
783 2812 922 2873 corpora,
936 2799 966 2856 et
980 2793 1118 2854 animalia
1131 2793 1285 2854 terrestria
1300 2836 1308 2867 ,
1321 2796 1529 2870 praeterquam
1543 2789 1574 2850 in

449 2920 560 2983 tellure
574 2917 638 2997 ipsa
650 2917 697 2978 vel
712 2915 801 2977 simili
816 2916 898 2991 loeo,
919 2934 978 2976 non
992 2919 1114 2994 possunt
1127 2933 1251 2992 nsquam
1266 2915 1389 2976 feliciter
1402 2913 1574 2976 consistere.

489 3039 548 3104 Sed
563 3023 719 3103 redeamus
733 3038 770 3099 ad
785 3055 820 3097 ee
835 3055 910 3114 quae
924 3038 1012 3115 paulo
1027 3040 1096 3098 ante
1116 3056 1219 3098 snmus
1244 3038 1351 3099 adorsi.
1367 3038 1486 3099 Interea
1500 3037 1571 3096 dum

450 3159 611 3223 horizontis
626 3155 738 3235 species
751 3172 804 3232 per
819 3153 960 3232 majorem
973 3171 1122 3215 recessum
1136 3157 1260 3215 tenuata
1281 3154 1429 3215 videbitur
1441 3200 1449 3227 ,
1463 3153 1573 3214 accidit

449 3282 588 3353 utrisne,
602 3280 712 3356 quanto
726 3273 821 3350 magis
835 3272 947 3332 eminus
963 3275 1008 3332 est
1020 3272 1212 3346 constitutus,
1233 3277 1317 3333 tanto
1338 3270 1460 3349 majoris
1479 3287 1571 3331 arcus

447 3401 527 3480 globi
539 3394 725 3475 superficiem
745 3390 873 3452 finientis
894 3391 1020 3470 speciem
1035 3393 1245 3471 apprehendat,
1261 3398 1294 3453 ut
1307 3395 1345 3454 ad
1360 3393 1569 3471 hemisphaerii

446 3522 564 3586 tandem
580 3521 725 3596 integrum
742 3511 920 3591 (sufficienti
942 3511 1127 3589 elongatione
1141 3511 1240 3590 facta)
1254 3514 1391 3573 deveniat
1406 3514 1567 3590 aspectum.

445 3649 503 3711 Ubi
518 3646 587 3725 quia
600 3659 695 3720 aquea
705 3644 860 3714 terreaque
875 3640 989 3696 astrum
1003 3640 1048 3694 est
1061 3635 1216 3712 superficie
1237 3634 1428 3707 distinctum3
1451 3634 1561 3695 accidit

445 3774 478 3830 ut
491 3767 528 3827 ad
543 3765 690 3843 objectum
704 3759 773 3820 solis
786 3756 880 3817 maria
893 3754 971 3814 inter
984 3754 1165 3815 continentes
1180 3754 1280 3813 aridae
1295 3758 1395 3831 partes
1406 3757 1437 3813 et
1448 3752 1561 3813 insulas

443 3886 648 3949 interluceant
662 3883 750 3957 atque
763 3876 896 3938 informis
909 3875 1039 3954 corporis
1053 3875 1134 3954 opaci
1149 3875 1247 3952 figura
1265 3894 1303 3934 ex
1317 3873 1560 3936 conterminatio·

443 4032 480 4074 ne
492 4008 582 4071 lucidi
595 4002 724 4083 corporis
737 4004 783 4062 est
795 4000 962 4080 conspicua.
978 3997 1041 4057 Hoc
1055 3998 1132 4074 quod
1147 3997 1255 4057 dicitur
1266 4042 1275 4072 ,
1288 3996 1318 4057 in
1339 3997 1469 4075 subjecto
1484 3994 1558 4056 faoi·

442 4132 500 4195 lius
513 4127 661 4191 schemate
676 4121 900 4182 demonstretur.

469 4313 498 4368 (1)
509 4309 526 4355 11
535 4315 594 4354 testo
603 4307 634 4350 ha
642 4305 699 4361 dopo
708 4303 798 4347 eosdem
808 4314 853 4346 una
864 4301 952 4359 virgola
960 4299 1001 4344 che
1012 4312 1056 4344 non
1066 4300 1087 4344 cl
1096 4312 1133 4343 va.

468 4400 696 4467 (clarescentem.
