3442 5108
794 360 971 422 ..225-

323 543 354 602 in
367 545 431 604 loco
446 545 610 605 actualiter.
627 547 708 606 Puto
729 563 796 604 eum
817 540 981 618 intelligere
1004 543 1046 601 aio
1061 543 1230 601 uuiversum
1253 554 1315 598 essa
1330 537 1360 595 in
1374 536 1447 609 loco,

319 665 397 725 sicut
411 684 464 742 ego
480 665 617 743 (seclusis
631 668 791 744 universis)
805 686 871 727 sum
892 666 1080 727 nihilomiuus
1094 666 1124 725 in
1139 666 1202 724 loco
1224 683 1275 741 per
1296 663 1443 732 accidens,

315 788 384 864 quia
399 806 496 847 meum
511 793 600 866 caput
612 796 656 849 est
673 790 701 849 in
716 791 800 862 collo,
815 791 966 849 cerebrum
981 788 1130 866 incapite,
1146 790 1242 847 nucha
1263 789 1292 846 in
1314 785 1447 855 cerebro,

316 913 393 974 idest
407 933 473 973 cum
488 917 618 986 cerebro,
633 921 663 975 et
677 915 803 991 undique
818 917 848 973 et
862 915 969 990 ubique
982 931 1051 990 pars
1071 912 1149 990 parti
1163 912 1275 982 haeret,
1300 926 1391 984 usque
1406 907 1443 966 ad

316 1033 474 1107 infinitum,
490 1052 526 1091 nc
540 1032 656 1110 quando
670 1033 833 1093 exteriores
847 1039 947 1110 paries
962 1051 1019 1091 non
1033 1031 1194 1091 secundum
1211 1035 1302 1090 totam
1318 1033 1442 1108 superfi-

313 1159 386 1216 ciem
401 1176 465 1217 esse
480 1158 508 1217 in
529 1159 592 1217 loco
602 1161 656 1234 (l),
671 1157 723 1216 sed
744 1157 904 1217 secundum
918 1173 983 1215 eam
999 1172 1056 1231 qua
1071 1158 1197 1230 tangunt
1211 1152 1292 1213 alias.
1309 1152 1358 1210 lsti
1373 1157 1442 1210 sunt

314 1279 393 1338 inter
408 1280 620 1358 Peripateticos
646 1280 790 1358 principes
803 1325 810 1352 ,
825 1280 878 1340 sub
893 1295 1017 1356 quorum
1041 1275 1160 1335 vexillis
1185 1273 1290 1350 reliqui
1314 1271 1443 1332 militant

313 1401 453 1462 universi.

351 1523 393 1581 De
408 1541 443 1581 eo
458 1526 534 1600 quod
549 1526 719 1601 intelligunt
732 1528 817 1586 extra
832 1526 1089 1586 convexitudinem
1103 1525 1203 1600 illam,
1218 1526 1311 1586 fusius
1331 1524 1361 1584 in
1381 1524 1438 1584 fine

311 1643 435 1705 dicetur.

756 1805 899 1872 CAPUT
918 1807 990 1872 VII.

322 2060 475 2115 Disgrcssione
485 2058 581 2114 quadum
593 2059 635 2103 loci
646 2059 744 2103 delinitio
754 2073 782 2103 ux
793 2069 863 2116 parta,
873 2067 973 2117 quatum
983 2060 1123 2115 superficies,
1134 2067 1182 2104 turn
1192 2061 1302 2105 lnnnobila
1313 2061 1418 2117 quiddam

718 2170 768 2199 esse
778 2163 890 2211 oporteat,
901 2156 1025 2199 discutitur.

394 2339 551 2423 Corporis
575 2339 647 2406 inde
671 2341 766 2427 hujus
790 2342 941 2425 spacium,
965 2341 1049 2425 quod
1073 2344 1216 2409 continet
1241 2341 1338 2417 istud,

350 2467 462 2532 Pluria
486 2488 549 2532 non
573 2488 671 2532 unum
695 2490 828 2534 numero
852 2471 947 2534 simul
971 2470 1115 2537 obtinet:
1140 2476 1173 2537 et
1196 2473 1243 2538 sio

352 2597 478 2681 Corpus
502 2598 534 2661 in
559 2597 619 2663 lroc
642 2599 749 2682 spacio
773 2599 868 2663 simul
892 2598 978 2663 haud
1002 2600 1034 2663 in
1059 2599 1201 2684 pluribus
1225 2605 1319 2666 esset.
1389 2608 1394 2620 '

348 2723 398 2787 Ad
421 2725 564 2808 spacium
588 2743 714 2807 corpus,
739 2725 943 2808 spatiumque
966 2723 1006 2789 ad
1030 2743 1166 2809 corpora
1190 2745 1253 2790 non
1277 2730 1327 2791 est

347 2854 483 2920 Diversa
507 2854 631 2920 ratione
656 2852 794 2937 alibique
817 2852 953 2937 alibique
976 2852 1165 2937 putandum.

346 2984 430 3049 Nam
455 3005 593 3050 vacuum
617 2985 697 3048 nihil
719 2984 877 3049 obsistens
900 2984 1071 3049 admittere
1096 2991 1211 3067 posset,

344 3115 388 3178 nt
412 3115 542 3178 minime
566 3111 709 3178 excludit
733 3117 927 3197 patrantem,
950 3113 1077 3196 vimque
1099 3131 1258 3196 capacem,

343 3244 411 3308 Nec
435 3246 535 3309 minus
559 3252 607 3311 est
631 3246 726 3310 nullis
754 3251 916 3313 arctatum
943 3245 1059 3311 linibus
1082 3247 1185 3330 ipsum

342 3375 469 3440 Ponere
492 3378 700 3452 conveniens,
722 3397 817 3460 quam
841 3377 884 3440 sit
908 3378 979 3441 sine
1004 3374 1066 3441 fine
1092 3376 1283 3458 bonumque.

344 3500 495 3568 Materies
519 3522 599 3587 ergo
623 3508 672 3568 est
696 3504 805 3569 mundi
829 3503 954 3569 infinita
977 3502 1129 3571 decenter

342 3633 536 3720 Excogitata
559 3635 607 3720 (2)
631 3636 722 3716 milri,
739 3655 834 3719 quam
858 3655 1013 3719 nusquam
1039 3655 1184 3702 concava
1209 3636 1330 3716 Lunae,

340 3763 414 3828 Non
437 3783 570 3848 usquam
595 3768 715 3831 emensi
739 3766 836 3832 facies
860 3766 1019 3833 stellantis
1044 3766 1171 3852 Olympi

340 3887 514 3965 Terminot,
538 3895 573 3955 at
596 3893 738 3975 spacium
762 3892 864 3977 replet
887 3891 970 3976 quod
994 3893 1134 3977 concipit
1158 3894 1254 3970 ultro,

337 4015 527 4081 Innumcras
551 4017 671 4095 stellas,
698 4041 820 4104 nempe,
843 4021 922 4085 haec
947 4039 1031 4105 vaga
1055 4042 1192 4107 corpora
1219 4026 1362 4103 mundos,

321 4235 352 4289 (l)
364 4235 462 4280 L'inriso
473 4237 605 4292 precedente
620 4243 849 4294 grarnmaticalrnantn
860 4258 902 4288 non
919 4258 989 4290 corre:
1006 4248 1019 4288 il
1033 4261 1097 4292 srnso
1108 4253 1160 4305 perd
1173 4251 1192 4292 ι’
1201 4251 1302 4294 tutanda:
1315 4251 1335 4294 lo
1345 4251 1414 4296 lasolo

294 4327 351 4368 conr·
360 4328 379 4368 t.

320 4416 351 4472 (ἲ)
367 4417 383 4462 ll
393 4423 452 4462 tanto
462 4419 502 4464 ha:
517 4425 646 4476 cannucio.
