3442 5108
791 302 960 363 —171-

323 483 527 573 metricam,
548 487 611 562 sed
630 489 825 590 physicam
853 492 911 597 (ut
939 492 1024 569 alibi
1049 496 1215 595 pluribus
1248 498 1447 576 insinuavi·

324 608 426 714 mus)
440 637 609 690 normam
629 616 832 716 perficitur.

783 896 903 948 ARTIC.
923 898 980 950 Lu.

370 1123 478 1201 Circa
501 1129 622 1200 terrae
651 1131 821 1202 centrum
851 1151 925 1202 non
953 1125 1107 1202 ostelia
1136 1126 1236 1219 latio,
1267 1133 1440 1229 praeter·

314 1276 423 1353 quarn
439 1253 601 1355 partium
621 1255 797 1354 ejusdem,
813 1280 907 1356 quae
921 1279 995 1330 non
1011 1253 1130 1356 magis
1151 1239 1249 1331 eirca
1267 1261 1439 1335 centrum

313 1389 523 1474 moventur,
545 1407 656 1484 quarn
681 1408 704 1457 a
731 1388 859 1460 centro
888 1387 925 1460 et
952 1385 998 1459 ad
1031 1390 1201 1459 centrum
1235 1386 1440 1463 secundum

313 1531 441 1584 omnes
460 1507 698 1600 differentias;
719 1511 832 1587 etiam
847 1536 978 1612 aquae.
998 1533 1092 1610 quac
1113 1510 1323 1586 membrum
1353 1516 1441 1588 sunt

311 1635 439 1713 totius.
460 1638 569 1715 Haud
588 1638 687 1715 enim
706 1638 814 1715 aliter
832 1637 986 1715 flumina
1001 1638 1094 1712 bene
1112 1635 1360 1714 consideranti
1372 1638 1441 1714 cir·

311 1786 355 1839 ca
370 1769 538 1841 centrum
558 1768 818 1857 movebuntur
839 1770 962 1842 motus
982 1764 1092 1855 enim,
1114 1787 1222 1865 quem
1246 1764 1284 1840 in
1304 1791 1437 1867 super-

311 1893 393 1968 ficie
413 1920 582 1971 convexa
610 1896 755 1972 telluris
787 1899 982 1997 peragunt,
1006 1891 1351 1968 circumferentialis
1383 1902 1438 1968 est

312 2023 475 2118 omnine,
497 2027 648 2105 minime
669 2034 804 2103 rectus.

771 2306 887 2358 ruric.
908 2303 978 2354 iar.

413 2533 453 2607 in
482 2532 714 2609 naturalibus
743 2533 886 2610 nullum
915 2529 1121 2632 simplicem
1150 2536 1292 2606 mot-um
1313 2532 1433 2608 veriti·

306 2684 392 2736 care
413 2668 566 2761 possunt
581 2663 811 2765 peripatetici
831 2661 1054 2765 philosophi,
1073 2686 1193 2762 neque
1213 2685 1342 2738 eorum
1361 2688 1429 2764 pe-

305 2785 479 2888 dissequa
505 2795 805 2866 astronomorum
837 2790 960 2875 turba,
980 2789 1065 2887 quia
1089 2813 1273 2889 nusquam
1293 2794 1430 2866 natura

304 2912 376 2989 fert
394 2917 663 3015 geometricum
677 2918 869 3011 circulum,
883 2922 924 2994 ut
939 2942 1051 3019 supra
1064 2918 1263 3005 innuimus,
1279 2924 1317 2995 et
1335 2920 1428 2996 alias

295 3037 472 3139 'pluribus
491 3041 836 3121 demonstrabimus

753 3323 872 3376 nario.
894 3324 976 3375 null.

352 3549 449 3634 Quid
468 3553 665 3630 absurdius
684 3554 754 3630 dici
775 3558 906 3655 potest,
919 3577 1029 3655 quam
1041 3547 1138 3655 quod
1153 3535 1310 3654 corpora
1325 3578 1423 3631 com·

297 3677 432 3781 posita,
450 3680 652 3756 secundum
665 3705 881 3783 corpoream
900 3678 1158 3772 substantiam,
1172 3679 1209 3754 in
1220 3678 1308 3782 ipsis
1319 3707 1423 3782 prae

297 3807 562 3900 dominantem,
584 3814 819 3901 moveantur,
840 3808 871 3883 si
895 3806 1055 3897 metalla,
1072 3830 1230 3908 quorum
1253 3808 1421 3887 substan·

296 3936 389 4012 tiam
408 3961 563 4035 aqueam
584 3939 779 4038 profitetur
807 3937 1039 4022 Aristoteles,
1059 3938 1106 4014 ad
1127 3939 1281 4014 l'undum
1301 3965 1419 4041 aquae

295 4063 481 4139 teruntur?
493 4062 595 4163 sique
610 4064 663 4139 ait
677 4063 773 4140 idem
785 4063 1004 4141 Aristoteles
1020 4089 1101 4155 esse
1115 4065 1310 4165 quaedam,
1322 4092 1418 4169 quae

295 4192 498 4294 ‹mrirposito
512 4197 674 4293 agimtur
693 4201 809 4272 nictu.
829 4195 1055 4298 composita!
