3442 5108
862 326 983 386 -170
1008 361 1042 374 -

323 618 325 622 ι
400 521 475 602 lus,
494 515 551 620 (1)
579 540 653 591 non
682 514 801 590 utitur
825 513 887 590 ubi
915 512 1073 589 nobilior
1101 508 1184 586 coeli
1205 532 1291 610 pars
1306 505 1357 582 illi
1378 506 1425 581 sit
1454 509 1523 582 soli

398 645 570 734 zodiaco,
609 667 726 744 neque
758 641 1037 744 persuasionem
1066 640 1178 715 habet
1206 635 1424 714 Aristoteles
1458 661 1524 737 pro

314 794 317 802 ·
401 772 524 848 verbis
543 770 634 864 istic,
655 770 788 873 quibus
803 769 887 847 illae
906 769 1035 846 stellae
1054 769 1135 845 istis
1153 772 1428 870 comparentur.

452 898 572 973 Porro
599 895 718 985 nobis,
751 894 884 997 quibus
912 899 1015 970 astra
1043 892 1220 970 universa
1248 892 1287 969 in
1313 900 1402 970 aere
1431 917 1524 969 con·-

400 1028 577 1117 tinentur,
606 1025 790 1103 infinitum
819 1024 1088 1126 complectente
1116 1023 1290 1125 spatium,
1320 1022 1418 1098 unde
1446 1046 1523 1097 non

400 1156 522 1232 minus
541 1180 660 1258 neque
688 1155 761 1232 alia
778 1155 922 1232 ratione
955 1160 1095 1231 terram
1123 1153 1217 1230 coelo
1236 1156 1451 1231 contentam
1470 1156 1525 1228 at·

400 1308 470 1386 que
505 1285 694 1361 firmatam
730 1283 994 1386 intelligimus,
1022 1309 1134 1386 quam
1162 1285 1235 1361 alia
1262 1290 1393 1376 astra,
1427 1283 1542 1385 perit·

400 1407 518 1485 omnis
537 1408 703 1508 quaestio
724 1408 769 1486 de
787 1408 965 1486 localibus
984 1409 1070 1485 coeli
1090 1408 1319 1488 differentiis.

854 1685 973 1738 ARTIC.
994 1684 1064 1735 LIV.

464 1917 578 2022 Nulla
594 1916 692 2019 apud
711 1942 782 2008 me,
802 1917 1024 1995 naturaliter
1044 1942 1083 1992 se
1103 1913 1273 1990 habentis
1287 1912 1356 2018 (2),
1375 1923 1526 1993 natura·

399 2047 446 2123 lis
470 2046 558 2124 latio
575 2048 632 2122 est
645 2043 1266 2148 praetercircularemquamcirca
1286 2045 1447 2122 medium
1467 2073 1528 2150 ap-

400 2174 513 2276 pellat
543 2171 780 2248 Aristoteles.
814 2173 936 2250 Porro
956 2198 1023 2250 nos
1041 2195 1115 2248 non
1145 2192 1257 2247 unam
1282 2171 1437 2249 dicimus
1461 2173 1528 2250 cir·

400 2330 446 2382 ca
475 2304 638 2381 medium
666 2301 862 2389 lationem,
892 2302 955 2378 sed
983 2306 1084 2378 certe
1111 2298 1235 2403 plures
1263 2325 1376 2402 quam
1411 2305 1525 2394 astra,

400 2430 487 2534 quia
510 2434 612 2507 terra
637 2429 892 2531 multipliciter
915 2434 1090 2507 movetur
1108 2429 1208 2505 circa
1234 2430 1426 2532 proprium
1445 2457 1528 2508 cen-

400 2565 511 2654 trum,
536 2565 663 2635 elnon
679 2584 753 2635 uno
780 2560 891 2634 modo
920 2559 1020 2634 circa
1047 2556 1175 2645 solem,
1195 2561 1236 2633 ut
1254 2556 1420 2660 pluribus
1440 2560 1528 2636 alibi

399 2687 753 2764 demonstravimus,
777 2688 848 2764 Est
876 2712 987 2789 porro
1020 2691 1142 2763 motus
1171 2684 1270 2762 circa
1289 2686 1528 2765 mediando-

400 2814 484 2916 plex
504 2813 541 2890 in
561 2814 683 2914 specie
701 2813 877 2890 universi:
897 2811 992 2888 alter
1020 2836 1225 2915 aqoeorum
1240 2821 1439 2909 astrorum,
1460 2842 1526 2892 seu

367 3007 368 3011 ,
399 2941 589 3018 tellurium
608 2942 707 3018 circa
735 2943 844 3043 ignea
862 2945 976 3021 astra.
997 2942 1076 3019 sive
1104 2942 1210 3019 soles:
1239 2944 1334 3022 alter
1361 2946 1525 3047 partium

399 3070 577 3171 cujusque
598 3069 690 3145 astri
706 3069 805 3145 circa
823 3069 938 3145 totius
958 3068 1119 3145 medium
1140 3069 1273 3173 (neque
1291 3071 1390 3148 enim
1407 3098 1526 3174 perse
1553 3096 1560 3112 ·

399 3193 486 3272 luna
501 3203 674 3272 movetur
692 3196 792 3272 circa
805 3200 958 3287 terram,
978 3196 1068 3272 dum
1087 3194 1315 3274 differentias
1335 3198 1528 3276 distantia·

400 3347 485 3398 rum
500 3327 538 3398 et
552 3321 774 3398 relationum
783 3323 828 3398 ad
845 3319 960 3398 solem
975 3321 1190 3426 percurrit)
1200 3323 1252 3399 ita
1266 3328 1394 3402 tamen
1412 3325 1471 3428 (ut
1488 3326 1525 3402 in

400 3447 532 3524 tellure
552 3447 648 3544 hac)
663 3453 704 3524 ut
719 3473 793 3526 non
807 3450 928 3552 magis
948 3448 1046 3526 circa
1065 3457 1246 3539 centrum,
1267 3477 1378 3554 quam
1402 3480 1425 3530 a
1444 3480 1527 3531 cen-

399 3584 458 3653 tro
473 3581 510 3652 et
535 3579 580 3655 ad
610 3584 779 3657 centrum
798 3605 865 3681 per
889 3604 1017 3655 omues
1044 3580 1260 3681 sphaericae
1287 3582 1526 3660 dimensionis

399 3706 623 3784 differentias
639 3717 873 3802 mercantum
894 3709 1070 3786 circuitus
1085 3708 1184 3785 enim
1209 3711 1357 3787 hicnon
1376 3712 1422 3787 ad
1442 3735 1527 3813 geo·

438 3980 482 4058 (1)
497 3979 521 4038 ll
535 3956 660 4035 csrorer'
671 3981 809 4056 traspooe
823 3981 882 4040 cosi
898 3981 925 4040 le
939 3983 1039 4057 parole
1053 3979 1099 4039 del
1106 3983 1191 4038 testo:
1206 3979 1264 4039 hac
1279 3997 1366 4056 0090
1381 3999 1445 4041 non
1461 3984 1525 4040 uti·

400 4091 464 4154 eur,
477 4081 540 4141 obli
543 4085 603 4142 tos:
618 4079 656 4137 lro
670 4080 797 4140 creduto*
807 4087 890 4160 poter
904 4100 1080 4143 conservare
1095 4084 1113 4141 l'
1123 4084 1226 4142 ordine
1239 4083 1286 4142 del
1301 4087 1388 4158 testo,
1402 4104 1419 4144 c
1431 4085 1522 4146 rime·

399 4183 494 4242 01100νί
506 4202 561 4242 000
575 4183 712 4243 clriudere
725 4185 839 4244 oblitus
852 4191 901 4246 tra
914 4186 972 4245 due
986 4186 1109 4263 virgole.

440 4283 483 4359 (2)
499 4282 521 4340 ll
535 4282 656 4342 Gtrorer
668 4282 818 4357 augiunge
831 4284 890 4359 qui,
912 4285 1158 4357 aschiarimmta
1174 4288 1300 4347 rnobz'lr's.
