3442 5108
772 369 811 382 -
832 335 951 398 212-

299 525 485 586 mensitatem
499 542 519 584 a
532 524 633 586 mundi
646 523 827 602 distinguere
841 525 971 596 unitate,
981 525 1168 587 finitudiuem
1181 543 1292 604 rerum,
1304 533 1336 591 et
1356 548 1418 592 ma·

297 642 391 714 teriei,
407 645 450 714 (l)
466 644 612 719 polentiae
627 643 744 702 divinae
757 642 872 702 activae
886 647 916 702 et
930 647 1052 703 naturae
1066 645 1202 722 passivae
1215 663 1391 724 repugnare.

336 764 411 823 Vide
426 783 495 825 num
510 765 613 825 stellae
627 764 687 824 sint
701 764 831 841 ejusdem
845 762 1027 824 substantiae
1040 768 1071 824 et
1084 782 1121 824 ex
1132 764 1169 826 iis
1180 767 1347 826 conflentur
1356 767 1420 826 ele-

298 886 414 959 mentis,
429 891 517 963 atque
531 888 628 960 tellus,
640 905 679 947 an
694 905 765 947 vero
779 887 868 946 aliisl

340 1005 418 1064 Num
434 1005 509 1064 sicut
529 1006 616 1066 tellus
630 1005 659 1064 in
673 1006 769 1065 medio
783 1022 851 1064 aere
866 1006 913 1065 vel
926 1007 1045 1066 aethere
1058 1003 1212 1077 consistit,
1234 1005 1277 1065 ita
1299 1009 1330 1065 et
1348 1005 1420 1066 luna

298 1128 329 1184 et
343 1125 398 1197 sol,
412 1128 442 1184 et
455 1125 553 1183 omnia
566 1129 658 1198 astra,
671 1143 708 1183 an
730 1142 801 1185 vero
816 1124 943 1183 medium
957 1124 995 1184 sit
1008 1124 1092 1183 istius
1106 1122 1344 1198 fixiouisoausa3
1367 1124 1420 1182 illa

296 1264 368 1307 vero
382 1246 479 1305 omnia
493 1247 611 1307 orbibus
627 1247 686 1307 siut
709 1247 801 1307 affixa
825 1246 1017 1318 solidissimis,
1032 1245 1079 1323 qui
1093 1248 1268 1322 gyratorum
1283 1260 1417 1321 quorun-

295 1370 363 1429 dam
379 1370 510 1448 pulsibus
531 1373 620 1446 atque
632 1367 777 1428 tractibus
790 1372 991 1444 torqueantur.

335 1493 414 1553 Num
429 1496 525 1553 motus
539 1493 624 1552 istius
645 1491 751 1564 diurni,
767 1495 855 1567 atque
869 1490 1041 1550 variationis
1069 1489 1132 1567 ejus
1156 1489 1310 1565 polorum,
1325 1503 1414 1563 quam

294 1617 414 1695 augium
426 1616 480 1690 (2),
489 1614 691 1686 solstitiorum,
702 1611 1016 1688 aequinoctialiumque
1026 1613 1200 1686 punctorum
1212 1605 1337 1665 mutatio
1351 1623 1415 1664 con·

296 1743 439 1819 sequitur,
455 1758 544 1800 causa
558 1739 597 1799 sit
612 1738 777 1814 subjective
791 1735 820 1794 in
835 1735 942 1794 tellure
963 1735 1009 1793 vel
1025 1739 1113 1792 extra
1125 1732 1217 1791 illam.

335 1864 429 1928 Quam
443 1861 517 1918 bene
532 1858 568 1917 de
582 1861 689 1917 natura
702 1855 802 1931 gravis
811 1858 899 1930 atque
909 1853 983 1912 levis
995 1850 1161 1911 definierint
1173 1847 1375 1926 Peripatetici,
1387 1851 1417 1907 et

296 1982 403 2059 vulgus
419 1979 654 2057 comprehendat,
664 1994 751 2051 quam
766 1975 857 2034 solide
872 1971 1000 2033 naturali
1022 1975 1102 2030 motu
1123 1970 1322 2028 distinxerunt
1335 1965 1415 2026 anti·

295 2103 343 2179 qui
359 2106 504 2161 eteorum
519 2097 668 2176 principiis
683 2100 770 2171 atque
784 2093 905 2153 caussis.

333 2222 427 2291 Quam
442 2218 554 2276 famoso
568 2217 610 2275 illi
625 2215 836 2275 elementorum
851 2212 945 2270 ordini
968 2215 1075 2269 natura
1089 2209 1276 2286 respondeat.

339 2337 491 2413 Quamque
505 2336 578 2395 bene
593 2336 761 2393 universum
776 2331 805 2389 in
820 2348 888 2390 suas
902 2329 1095 2388 distribuatur
1109 2327 1218 2404 parteis
1232 2331 1320 2403 atque
1330 2345 1418 2387 mem·

294 2464 358 2522 bra.
387 2463 425 2520 Et
445 2460 530 2538 plura
551 2475 626 2534 quae
646 2475 684 2516 ex
705 2456 811 2513 horum
832 2452 979 2530 capitibus
1000 2455 1088 2528 atque
1113 2448 1309 2509 fundamentis
1330 2464 1416 2525 praa·

294 2584 398 2663 positis
420 2589 508 2658 atque
524 2581 614 2659 jactis
633 2582 859 2653 consequuntur.

334 2705 474 2766 Ponimus
494 2704 549 2761 hoc
570 2702 646 2777 quod
667 2715 781 2758 summa
797 2696 984 2773 probabimus
1011 2695 1160 2755 evidentia
1174 2695 1230 2774 (3).
1246 2696 1311 2754 Duo
1324 2695 1354 2753 in
1377 2713 1414 2753 u·

295 2828 413 2887 niverso
429 2824 587 2903 praecipua
601 2824 761 2900 primorum
776 2837 931 2897 corporum
952 2838 1071 2896 genera,
1093 2821 1174 2880 Soles
1197 2838 1301 2897 nempe
1321 2823 1412 2896 atquo

294 2934 437 3008 T'ellures.

337 3067 380 3126 De
402 3067 496 3144 primo
517 3085 625 3144 genere
645 3069 723 3129 fixae
744 3077 830 3146 (quas
850 3070 1012 3150 appellant)
1027 3071 1130 3131 stellae
1145 3079 1221 3146 sunt,
1236 3074 1272 3132 de
1289 3092 1413 3150 quarum

294 3188 482 3266 singularum
506 3188 579 3263 loco,
602 3208 658 3248 non
674 3189 777 3266 major,
792 3208 885 3267 neque
899 3191 986 3250 aliter
1006 3192 1050 3251 sol
1064 3193 1119 3252 iste
1143 3195 1310 3271 spectabilis
1325 3203 1413 3271 esset,

295 3333 385 3393 quam
401 3317 470 3376 illae
484 3335 502 3376 a
516 3316 579 3376 loco
594 3318 680 3377 istius
693 3319 764 3378 solis
778 3325 809 3379 et
822 3339 840 3378 a
853 3323 961 3381 nostris
976 3327 1044 3381 sunt
1055 3326 1227 3400 spectabiles
1239 3328 1415 3403 regionibus.

335 3438 379 3498 De
393 3440 521 3498 secundo
536 3457 643 3517 genere
658 3444 703 3500 est
716 3441 809 3516 Luna,
818 3445 1030 3521 Mercurius,et
1041 3448 1144 3524 reliqui
1157 3449 1350 3525 planetarum,
1361 3451 1410 3527 qui

294 3559 372 3620 circa
386 3558 478 3618 solem
495 3563 558 3619 tum
572 3560 676 3619 annuis
691 3560 879 3622 discursitant
892 3564 1021 3623 motibus
1035 3569 1096 3623 tum
1112 3565 1233 3626 diurnis.
1257 3568 1362 3629 Omnia
1383 3570 1413 3630 in

296 3697 353 3739 uno
368 3678 529 3756 eodemque
543 3681 682 3741 aethereo
697 3680 805 3758 spacio,
821 3684 911 3755 coelo,
925 3701 1037 3761 campo,
1052 3685 1236 3746 firmamento
1251 3706 1308 3745 non
1330 3689 1417 3748 aliter

295 3822 382 3882 quam
404 3805 554 3864 Tellurem
568 3808 726 3865 consistere
742 3804 884 3880 videmus,
905 3813 936 3867 et
956 3808 1132 3887 ponderibus
1156 3809 1264 3870 librata
1289 3814 1416 3890 propriis

294 3926 467 3987 consistunt.
525 3933 531 3944 ’

334 4043 438 4120 Neque
450 4050 496 4106 est
508 4045 584 4121 quod
599 4046 636 4106 ad
652 4045 782 4108 universi
797 4048 925 4126 speciem
948 4048 1043 4125 magis
1065 4050 1196 4111 obtinere
1220 4051 1347 4111 medium
1369 4054 1416 4113 di·

326 4248 356 4303 (1)
366 4248 452 4297 Questa
460 4248 549 4303 virgula
556 4260 637 4293 manca
644 4250 680 4293 uel
689 4257 755 4295 testo.

325 4331 355 4385 (2)
372 4331 454 4380 Questo
463 4343 527 4375 nome
536 4343 578 4388 par
584 4333 673 4378 conlato
682 4334 712 4377 da
727 4318 804 4401 αιῖγή,
815 4334 931 4389 splendor.

326 4416 624 4476 (spuo-enemente.
