3442 5108
696 350 854 412 -g5-

216 563 265 613 an
286 537 330 614 de
350 539 460 614 rebus
480 536 713 613 naturalibus
748 535 796 613 sit
828 536 995 631 scientia,
1031 540 1264 618 concorditer
1292 566 1337 619 o·

214 687 320 739 mnes
347 662 385 738 in
405 661 567 739 eandem
590 662 760 739 feruntur
787 662 1063 752 affirmativam,
1096 669 1139 742 ut
1170 670 1340 768 postmo-

218 789 307 863 dum
337 792 551 865 contraeas
579 789 717 892 ubique
745 788 836 865 adeo
865 789 1092 868 aristotelica
1109 770 1339 871 reclamante

216 916 489 1019 praeceptione,
510 916 763 1019 sophistarum
780 940 896 1010 more,
917 918 964 993 ad
984 918 1284 996 excusationibus
1303 923 1340 996 01

216 1043 503 1145 glossematibus
532 1043 772 1120 colorandam
800 1045 912 1145 atque
943 1044 1166 1146 pingendam
1193 1045 1340 1148 potius,

215 1194 327 1273 quam
346 1168 391 1245 ad
413 1170 623 1271 negandam
642 1168 878 1246 falsissimam
894 1170 1179 1273 convictamque
1198 1175 1341 1248 senten-

216 1297 306 1373 tiam
336 1300 550 1373 recurrant:
581 1298 692 1397 atque
720 1296 773 1372 ita
801 1297 899 1398 quod
928 1321 1109 1373 excusare
1137 1307 1338 1401 nequeunt,

215 1428 293 1500 tam
320 1426 413 1500 benc
441 1424 567 1500 volare
604 1424 858 1516 contendunt,
896 1426 938 1499 ut
971 1448 1100 1499 eorum
1136 1424 1339 1526 pertinacis

214 1549 449 1652 ignorantiae
477 1546 749 1650 turpitudinem
777 1547 829 1623 illi
848 1547 916 1624 soli
936 1572 1012 1623 non
1032 1547 1182 1624 videant
1200 1546 1257 1652 (l)
1277 1548 1340 1651 qui

214 1674 468 1751 nihilomnino
481 1670 702 1777 videntl(?2)
721 1673 819 1757 Qirid
833 1673 931 1748 enim
950 1672 1033 1777 (per
1051 1674 1172 1750 Deum
1190 1674 1339 1751 immor-

214 1797 345 1902 talem)
373 1798 472 1874 aliud
501 1801 558 1873 est
577 1797 710 1891 dicere,
731 1797 775 1873 de
796 1799 881 1873 ente
907 1796 1034 1873 mobili
1062 1798 1266 1874 secundum
1285 1822 1341 1874 ra·

215 1925 356 2000 tionem
370 1923 574 2016 formalem,
591 1923 852 2017 universalem,
874 1948 1122 2012 comrmrnem,
1143 1924 1262 2026 quoad
1282 1922 1339 2028 (3)

216 2045 296 2122 cius
311 2045 523 2137 essentiam,
540 2049 577 2120 et
597 2044 801 2146 simplicem
823 2044 1078 2144 quidditatom,
1099 2069 1174 2121 non
1194 2045 1339 2121 ratione

215 2199 288 2276 qua
316 2173 575 2275 compositum,
605 2173 824 2263 subsistens,
860 2170 1107 2274 particulare,
1136 2171 1340 2267 materiale,

213 2300 393 2376 scientiae
423 2301 633 2401 subjectum
662 2324 756 2388 esse,
781 2325 893 2402 quam
912 2299 1044 2376 docere
1072 2325 1148 2378 non
1169 2325 1235 2377 ens
1254 2324 1339 2377 mo-

216 2425 303 2519 bile,
324 2426 390 2501 sed
409 2427 505 2502 ontis
523 2424 670 2502 mobilis
688 2430 865 2501 naturam
885 2452 979 2521 csse,
996 2452 1090 2529 quae
1115 2425 1253 2503 scibilis
1279 2451 1342 2503 ra-

215 2553 266 2629 let
288 2553 412 2629 subire
441 2553 644 2628 rationem?
674 2552 783 2646 (huid,
804 2553 969 2655 inquam,
999 2554 1099 2630 aliud
1120 2554 1179 2630 est
1197 2553 1341 2629 isthaec

217 2679 390 2781 loquendi
420 2678 551 2772 forum,
568 2704 679 2781 quam
699 2678 1003 2774 irresolutissimi,
1015 2704 1126 2782 seque
1141 2680 1263 2782 ipsum
1282 2677 1342 2756 de

216 2804 396 2882 struentis
425 2808 463 2880 ct
491 2804 710 2906 alinegantis
738 2804 916 2881 indicium
942 2805 1098 2907 ingenii?
1128 2805 1223 2890 Quid
1242 2808 1341 2883 insu·

214 2957 281 3033 per
319 2930 418 3006 aliud
447 2935 529 3023 cst,
559 2931 682 3007 dicore
710 2933 755 3009 de
783 2933 995 3009 hominibus
1024 2958 1104 3010 csse
1132 2934 1340 3027 scientiam,

215 3057 421 3133 secundum
449 3057 660 3158 specificam
680 3063 718 3135 ct
738 3058 986 3135 universalem
1014 3060 1209 3152 rationem,
1227 3085 1339 3161 quam

215 3182 339 3257 dicore
369 3206 443 3257 non
486 3183 532 3257 (10
561 3182 798 3278 hominihus,
832 3184 896 3260 sed
923 3185 968 3261 (10
996 3189 1132 3262 natura
1159 3185 1338 3263 hominist

218 3308 347 3385 b'onno
375 3308 668 3385 modificationes
696 3309 790 3386 istac
819 3310 864 3386 (10
893 3310 1019 3386 multis
1047 3311 1191 3389 faciunt
1210 3337 1341 3400 unum,

216 3435 261 3510 de
289 3433 425 3535 plurali
454 3435 656 3535 singulare,
686 3437 731 3512 (10
758 3436 994 3514 naturalibus
1012 3437 1195 3532 naturale,
1215 3438 1260 3515 de
1279 3464 1342 3515 na·

212 3562 326 3672 turali
355 3564 550 3639 naturam?
581 3562 823 3641 Considerate
852 3588 899 3641 an
928 3565 1147 3643 Aristotcles
1173 3565 1341 3642 docuerit

215 3713 379 3788 unquam
417 3688 541 3765 dicore
569 3690 613 3764 (10
643 3688 820 3783 Socrate,
850 3691 897 3766 dc
926 3690 1067 3784 Callia,
1095 3692 1140 3769 (10
1168 3690 1339 3784 Ρ101000,

215 3837 297 3887 csse
319 3812 525 3903 scientiam,
547 3814 751 3889 secundum
770 3814 867 3917 quod
885 3815 1010 3907 homo,
1031 3816 1075 3891 (10
1090 3813 1240 3891 homine
1259 3840 1341 3893 osse

215 3933 409 4010 scientiam
437 3935 640 4010 secundum
669 3935 851 4013 rationem
870 3937 1095 4039 specificam,
1120 3937 1242 4038 quoad
1261 3939 1341 4040 ejus

256 4116 347 4195 (1)ss
370 4121 447 4176 tosto
469 4117 516 4176 ha:
540 4119 648 4178 rideat.

254 4214 297 4293 (2)
313 4213 372 4274 Nol
386 4219 462 4274 tosto
477 4234 493 4273 0
509 4217 557 4275 001
571 4217 692 4280 Gsroror
707 4238 809 4281 manca
824 4220 1082 4301 l'intcrrogatiro.

257 4313 303 4393 (3)
318 4314 344 4373 Il
357 4319 434 4375 tosto
448 4315 497 4374 ha:
508 4317 600 4392 quod.
