3442 5108
634 331 754 393 —333
777 364 815 378 -

194 477 255 552 Qui
286 481 406 544 terram
431 478 527 557 atque
551 472 707 537 elementa
731 470 787 535 tibi
811 468 1017 554 comprendit,
1042 468 1170 554 oportet

194 603 345 678 Dissolvi,
377 608 412 667 ut
434 620 563 666 sursum
588 599 783 682 scandatque
801 597 965 683 epiryolus
988 602 1020 661 et
1043 603 1176 671 astrum,

193 734 261 799 Aut
292 752 401 798 secum
424 734 533 815 raptet
556 729 703 796 tellurem
726 728 943 809 elementaque
967 727 1095 802 circum,

197 865 240 932 Ut
267 866 362 931 lunae
385 883 502 948 corpus
526 862 647 927 circum
671 859 802 925 variare
826 855 977 932 videtur;

196 994 288 1069 Quod
318 1012 443 1078 quoque
466 992 493 1056 si
521 990 587 1068 liat,
612 989 764 1054 distantia
788 1007 851 1052 non
870 985 1010 1053 variabit

196 1126 330 1190 Astrum
354 1125 441 1191 intra
457 1129 489 1190 et
505 1129 636 1189 terram.
650 1122 820 1205 Reliquum
837 1142 915 1208 ergo
932 1126 990 1197 est,
1007 1127 1045 1188 ut
1060 1121 1154 1188 modo
1173 1121 1276 1208 fingas

195 1255 283 1320 Astri
314 1255 410 1320 alium
435 1258 567 1335 motum,
592 1272 655 1337 quo
679 1257 890 1319 convertatur
913 1251 1022 1317 eodem

196 1384 351 1469 Tempore
382 1385 413 1448 in
439 1381 588 1468 amplexu
613 1385 706 1468 parvi
729 1381 825 1463 orbis,
848 1402 912 1465 quo
935 1402 1030 1468 super
1054 1381 1109 1446 illa

196 1516 344 1582 Eocentri
371 1514 452 1581 facie
477 1534 511 1579 se
536 1513 696 1599 epicyclus
721 1515 828 1590 vertit,
854 1520 891 1580 ut
914 1513 1045 1578 umbrae

196 1646 280 1710 Pars
307 1645 416 1711 eadem
441 1646 569 1730 reliquis
594 1647 725 1731 propior
747 1650 898 1712 servetur
921 1646 961 1711 ad
986 1645 1094 1712 orbem

196 1774 346 1839 Telluris.
375 1773 465 1838 Tunc
488 1793 552 1838 non
576 1772 715 1839 absurda
737 1775 862 1838 minora
885 1781 1070 1858 sequentur,

197 1900 348 1967 Absurda
372 1901 455 1966 unde
482 1908 605 1967 astrum
630 1922 694 1965 nou
718 1900 817 1966 fixum
841 1904 887 1967 sio
909 1907 972 1969 erit
994 1904 1062 1968 orbi

199 2030 243 2096 Ut
267 2030 381 2097 clavus
404 2029 541 2107 tabulae,
565 2030 619 2095 sed
643 2030 844 2097 adhucdum
868 2040 967 2118 gyrat
989 2034 1120 2102 habebit
1182 2017 1184 2021 ’
1285 1999 1293 2011 ·

198 2167 357 2233 blotorem
389 2172 485 2233 extra
509 2165 602 2231 orbes
625 2186 787 2251 magnum,
812 2185 1021 2251 parvumque,
1044 2166 1192 2252 polosque

197 2299 304 2383 Atque
335 2319 429 2365 axem
453 2300 616 2384 proprium
641 2317 846 2382 cognosceus,
870 2297 924 2361 illa
945 2295 1061 2361 redibit

199 2426 280 2491 Tum
306 2427 437 2493 tandem
463 2426 502 2492 ad
527 2429 641 2512 capita,
668 2426 751 2492 unde
774 2427 862 2511 prius
888 2430 920 2491 te
942 2431 1065 2502 avexit,
1091 2434 1126 2492 ut
1149 2428 1252 2512 ipsum

199 2563 415 2648 Componeres
443 2562 532 2626 coelo
557 2561 696 2646 rapienti
720 2559 805 2624 haud
830 2559 944 2624 mobile
969 2580 1026 2644 per
1049 2580 1093 2624 se.

199 2690 403 2776 Quapropter
431 2692 560 2775 propria
583 2697 641 2757 aut
663 2690 765 2756 sacius
789 2693 909 2757 virtute
934 2711 1039 2756 meare

200 2817 414 2902 Praecipuum
442 2836 569 2900 corpus,
593 2816 682 2882 velut
706 2824 739 2883 et
761 2818 962 2883 mutilamina
984 2827 1138 2903 possunt:

202 2946 270 3010 dut
293 2945 321 3009 si
344 2950 500 3009 motorem
524 2964 603 3008 cura
626 2944 749 3008 isthaec
771 2944 892 3012 detinet
914 2951 1009 3011 extra

201 3079 407 3146 Perstantem
431 3079 529 3164 (quod
554 3085 673 3144 natura
696 3078 861 3165 indignum
884 3100 952 3145 esse
976 3085 1151 3168 putamus),

201 3213 316 3278 Dicito:
345 3233 445 3297 quare
469 3216 522 3277 axi
546 3213 680 3278 infixum
704 3216 811 3299 potius
835 3221 944 3291 rotat,
968 3222 1001 3282 et
1024 3236 1087 3281 non

202 3342 266 3406 Per
294 3363 363 3407 sese
386 3342 449 3407 hoc
475 3351 583 3410 vectat
606 3345 751 3428 spaciosa
775 3364 832 3428 per
857 3345 944 3410 atria
968 3344 1058 3426 coeli,

204 3474 283 3540 Cum
308 3474 397 3540 nulla
420 3476 584 3559 gravitate
609 3479 693 3550 ruat,
718 3495 818 3558 neque
842 3475 982 3560 pondere
1005 3497 1148 3561 pressum

204 3604 282 3668 Esse
306 3623 364 3668 suo
389 3606 499 3688 possit.
527 3623 588 3687 quo
611 3622 707 3686 seque
731 3602 879 3685 aliudque
903 3603 1017 3688 fatiget

203 3735 287 3799 Aere
313 3734 343 3798 in
374 3735 527 3800 immenso
552 3737 688 3820 positum
713 3736 902 3819 proprioque
927 3755 1063 3815 recessu,

203 3862 296 3928 Unde
322 3863 361 3929 ad
387 3865 535 3930 tellurem
561 3887 624 3932 nou
648 3867 718 3953 plus
742 3889 813 3933 sese
838 3869 948 3936 incitet
970 3871 1081 3955 ipsum,

204 3992 308 4066 Quam
335 3995 429 4061 tellus
453 3996 578 4063 vicibus
604 3998 755 4065 videatur
778 3998 826 4084 (1)
851 3999 890 4064 ad
915 4008 1029 4066 extera
1052 4003 1155 4068 versis

203 4124 245 4190 Se
270 4126 416 4200 incitare,
441 4147 499 4193 neo
524 4138 571 4196 est
594 4131 676 4198 alius
701 4133 825 4199 telluris
847 4130 898 4198 ad¹
913 4131 1000 4203 illam

188 4345 220 4406 (l)
232 4347 249 4391 ll
260 4355 319 4393 testo
330 4349 365 4396 ha:
378 4354 508 4399 rideantur.
