3442 5108
765 312 941 375 ..250-

327 511 474 596 Indeque
499 506 540 572 ab
564 503 702 571 adverso
724 500 839 587 grandi
864 496 992 565 stimulo
1015 494 1167 561 bonitatis

330 639 467 724 Spiritus
496 634 687 700 hiemalem
710 634 890 714 exagitans,
915 628 1120 708 animansque
1143 620 1289 707 perennis

329 768 479 849 Plenique
503 762 579 827 tudo
596 759 644 847 (l)
663 760 773 844 patris,
796 778 852 842 per
875 774 970 839 quam
993 753 1085 818 decet
1107 772 1175 816 esse
1198 749 1336 825 beatum,

331 893 494 967 Quantum
518 909 605 953 mens
629 887 712 971 potis
735 890 784 950 est
807 903 870 948 non
895 879 1053 947 invidiosa
1076 879 1181 955 beare,

334 1023 412 1098 Quis
437 1020 619 1086 circumciso
643 1037 747 1094 sensu,
773 1022 806 1081 et
828 1016 954 1082 ratione
976 1017 1126 1077 retunsus

334 1155 439 1239 Usque
463 1160 521 1229 est,
546 1156 583 1216 ut
606 1155 730 1217 tantam
754 1153 892 1232 nequeat
915 1146 1141 1230 comprendere
1165 1145 1275 1220 lucem,

334 1285 495 1359 Quantam
507 1281 554 1368 (2)
565 1300 654 1346 amor
668 1280 719 1344 hie
731 1277 1017 1362 gerninnsgemina
1029 1275 1092 1338 ista
1104 1275 1247 1358 potentia
1260 1276 1416 1357 praestat,

334 1416 384 1481 Ne
407 1416 474 1479 sine
499 1412 560 1477 line
585 1411 701 1476 malum
725 1417 838 1476 sancta
861 1410 898 1474 de
923 1412 1027 1473 mente
1051 1408 1236 1491 triumphet,

335 1547 537 1628 Finitumque
551 1544 598 1630 (3)
622 1544 738 1608 benum
763 1544 915 1607 immenso
941 1545 1120 1606 contrastet
1143 1541 1240 1616 inani,

336 1676 385 1741 Ne
409 1680 575 1739 aeternum
600 1672 709 1736 infelix
734 1672 861 1755 genitor
885 1669 1094 1755 genitrixque
1119 1673 1307 1752 querantur.

336 1803 421 1867 Dede
448 1822 560 1865 manus
584 1821 674 1886 erge,
698 1801 754 1866 tibi
779 1820 838 1865 nec
861 1800 1050 1884 Stagiraeus
1074 1805 1183 1884 inepto

334 1933 469 2030 Garritn
492 1951 603 1995 sensus
632 1933 858 2016 praestringat.

332 2125 510 2202 Vestigium,
534 2124 735 2196 simulacrum,
750 2129 780 2183 et
802 2127 952 2202 speculum
974 2127 1128 2188 infinitatis
1149 2130 1177 2188 in
1193 2130 1328 2190 omnibus
1343 2149 1420 2208 quae

294 2248 428 2306 videmus
448 2253 538 2321 atque
551 2245 674 2320 singulis
689 2246 866 2321 experimen
882 2246 919 2304 ad
940 2248 1016 2305 lianc
1037 2246 1257 2324 imaginationis
1278 2253 1309 2308 et
1329 2249 1418 2309 intel·

293 2373 386 2432 lectus
402 2387 539 2429 numeros
554 2369 691 2440 numeris,
714 2371 743 2427 et
757 2368 972 2444 magnitudines
993 2369 1253 2445 magnitudinibus,
1265 2371 1294 2428 et
1308 2369 1420 2446 species

294 2489 446 2567 speciebus
468 2487 641 2565 adjicientis,
663 2489 774 2564 alisque
790 2487 834 2546 ris
855 2488 979 2548 termino
995 2487 1152 2560 contendit,
1164 2490 1296 2566 hancque
1318 2493 1420 2549 eonte-

294 2611 391 2668 statur
410 2605 466 2686 (4).
481 2607 544 2665 Hoc
566 2625 667 2666 sensus
687 2625 744 2664 non
766 2606 930 2665 detestatur
946 2606 1033 2679 visus,
1047 2607 1095 2682 qui
1117 2625 1288 2683 quocunque
1303 2613 1419 2684 pergat,

295 2731 401 2804 ubique
417 2746 448 2786 sc
460 2746 522 2786 csse
536 2727 566 2785 in
581 2730 698 2799 centra,
713 2745 806 2801 acque
822 2744 1055 2802 quoquoversum
1071 2724 1245 2802 respiciens,
1261 2726 1421 2786 horizontis

294 2850 468 2908 formatione
486 2848 607 2920 indicat;
619 2848 673 2905 lroc
685 2846 833 2922 appetitus
844 2845 987 2916 animalis
999 2864 1050 2904 scu
1065 2847 1226 2919 rationalis,
1242 2846 1289 2922 qni
1303 2846 1421 2923 adeptis

295 2987 423 3044 unquam
452 2986 508 3025 non
530 2971 575 3026 est
595 2970 759 3039 contentus,
781 2966 909 3041 quandin
934 2965 1044 3041 aliquid
1067 2965 1241 3024 remanserit
1254 2965 1422 3042 adipiscen-

296 3094 365 3152 dum
382 3092 432 3163 (5);
448 3092 497 3149 ubi
515 3080 621 3167 qnippe
642 3090 756 3167 majora
767 3108 897 3166 quaeque
916 3094 1082 3167 sperantur,
1104 3091 1200 3168 prima
1215 3091 1343 3150 sordent.
1357 3091 1421 3151 Hoc

295 3221 503 3299 principiorum
516 3216 659 3278 naturalis
672 3216 801 3294 potentia
813 3215 902 3273 etiam
914 3215 1023 3273 activa:
1034 3233 1091 3274 nna
1100 3215 1176 3274 enim
1185 3213 1281 3273 sarcula
1292 3215 1421 3274 innume·

297 3343 432 3403 rabiliter
450 3341 681 3411 accensibilibus,
690 3344 720 3398 et
730 3337 845 3397 infinito
857 3337 1021 3397 accensibili
1037 3338 1185 3416 proposito
1197 3337 1344 3397 sufficiens
1356 3354 1420 3396 esse

296 3465 422 3522 ridetur.
437 3463 480 3520 En
493 3465 524 3521 ut
540 3479 596 3537 quo
611 3479 663 3520 nos
677 3477 791 3535 cunque
805 3464 969 3532 vertamur,
983 3459 1090 3519 infiniti
1104 3460 1215 3538 species
1232 3480 1288 3519 nen
1300 3460 1418 3519 deserit.

299 3644 333 3687 nel
342 3658 391 3701 cap,
402 3647 432 3689 xl
441 3644 454 3686 il
463 3645 538 3686 Bruno
548 3642 577 3685 ha
588 3642 662 3687 detto:
674 3646 749 3687 sobole
759 3643 896 3695 [rannerus
906 3645 978 3687 aetla:
994 3645 1044 3685 ent
1054 3645 1075 3687 in
1086 3649 1165 3699 questo
1183 3641 1257 3698 luogo,
1275 3646 1301 3685 ue
1312 3642 1421 3685 rroll'nltro

296 3743 340 3795 pub
352 3738 472 3781 intendersi
481 3736 608 3789 altrimenti,
623 3735 665 3778 che
675 3725 714 3790 per
723 3735 859 3778 desiderato.

323 3830 354 3883 (ll
370 3828 496 3871 Stainrece
506 3826 539 3868 di:
555 3826 712 3880 etptenr'rudo.

325 3922 355 3977 (ι’)
367 3922 384 3962 ΙΙ
394 3926 452 3963 testo
462 3919 490 3961 ha
500 3931 505 3961 :
516 3925 615 3973 quiante.

325 4016 355 4071 (3)
372 4015 389 4057 ll
401 4020 459 4056 testo
470 4012 509 4055 ha:
522 4015 653 4067 meumque

328 4110 359 4163 ll)
377 4109 411 4150 llo
427 4108 519 4150 rimessa
529 4108 550 4151 io
559 4109 580 4150 la
590 4109 771 4164 punaggiarura,
782 4109 825 4151 che
835 4110 871 4152 nel
880 4117 938 4153 testo
949 4121 989 4152 era
999 4107 1054 4152 cesi:
1064 4110 1152 4162 ebsqioe
1160 4111 1204 4161 ris,
1214 4112 1313 4153 ternir'ne
1324 4119 1421 4154 cointra-

301 4204 336 4246 etr't
354 4205 460 4256 lunaeque
475 4204 689 4247 contestatura-lt
704 4215 771 4247 senso
780 4206 799 4246 b:
811 4205 846 4248 eis
856 4205 984 4248 intellectus
993 4209 1015 4246 at
1024 4204 1201 4258 terminationis
1219 4205 1304 4257 ubsque
1323 4209 1423 4249 teratino

299 4298 431 4348 adjicientis
443 4310 457 4338 a
462 4310 552 4339 traicerer
562 4308 606 4340 etc.

325 4400 356 4453 (5)
373 4399 390 4441 ll
404 4404 462 4442 testo
471 4399 511 4442 ha:
527 4401 702 4455 suptraendum.
