3442 5108
894 365 925 377 -
951 332 1072 393 232-

421 523 559 600 sapiendo
588 522 733 582 malimus.
752 522 824 581 Heio
836 520 889 581 tibi
905 522 1091 598 pauperrima
1116 520 1167 579 illa
1182 525 1305 580 naturae
1319 528 1349 580 et
1364 523 1545 584 naturalium

421 647 590 708 distributio
606 648 634 707 in
649 648 813 720 materiam,
828 646 960 717 formam,
975 651 1064 722 atquc
1078 645 1272 721 compositum
1288 663 1344 702 uon
1359 643 1543 718 satisfaciat3

420 767 488 829 indo
503 767 579 828 enim
593 767 723 845 spacium
737 764 994 844 praeternaturale
1009 808 1017 835 ‚
1046 768 1076 824 et
1090 764 1298 823 antenaturale
1306 764 1443 841 judicare
1457 781 1546 842 opoc-

420 890 507 959 teret,
522 905 579 945 uon
593 889 638 946 est
652 885 729 944 enim
744 883 867 944 materia
882 901 976 959 neque
991 882 1095 943 forma.
1116 883 1200 948 Quod
1222 884 1323 959 quinto
1345 882 1548 944 indifferenter

421 1009 521 1068 omnia
535 1007 648 1085 recipit,
663 1007 731 1065 inde
745 1009 827 1082 patet
837 1023 875 1064 cx
888 1004 954 1062 hoc:
968 1004 1043 1078 quod
1059 1002 1213 1062 difficultas
1227 1003 1258 1061 in
1272 1003 1438 1081 recipiendo
1450 1002 1545 1062 omnis

421 1148 439 1189 a
453 1129 616 1188 recedentis
629 1134 659 1189 et
672 1127 851 1188 succedentis
865 1127 996 1203 potentia
1011 1131 1041 1184 et
1054 1126 1225 1202 impotentia
1236 1126 1367 1203 corporis
1380 1126 1544 1204 proficisci·

420 1258 478 1312 tur.
491 1252 574 1317 Quod
588 1256 673 1312 sexto
698 1251 739 1311 nil
753 1255 843 1327 agat,
858 1249 956 1325 nilque
980 1250 1119 1326 patiatur,
1133 1250 1319 1311 manifestum
1344 1269 1382 1310 ex
1407 1269 1441 1310 eo
1463 1252 1541 1326 quod

331 1414 335 1425 ι
422 1373 530 1436 nullius
544 1377 590 1435 est
604 1375 750 1451 particeps
764 1375 811 1433 vel
826 1373 1026 1451 susceptivum
1040 1373 1155 1434 formae
1168 1373 1216 1433 vol
1238 1374 1408 1450 qualitatis:
1422 1392 1475 1452 per
1495 1392 1548 1434 ac-

423 1497 523 1557 cidens
537 1494 616 1556 onim
631 1496 717 1554 valde
740 1496 789 1553 ubi
811 1495 956 1554 rationem
979 1495 1035 1554 loci
1059 1495 1186 1554 locatum
1207 1495 1401 1570 adaequantis
1420 1492 1546 1570 recipit,

424 1635 490 1675 cum
505 1615 660 1692 adaequati
675 1615 718 1674 ita
731 1614 829 1691 figura
842 1614 918 1674 sicut
930 1619 960 1673 et
983 1613 1183 1690 magnitudine
1207 1630 1381 1673 concurrere
1406 1611 1548 1689 intelligi·

425 1739 484 1795 tur.
496 1734 578 1802 Quod
600 1733 723 1810 septimo
745 1732 940 1808 immiscibile,
954 1734 1067 1794 clarum
1088 1743 1142 1807 est,
1157 1735 1225 1810 quia
1239 1750 1395 1810 corporum
1419 1732 1549 1792 invicem

426 1851 592 1910 cedentium
607 1850 765 1909 secundum
780 1853 879 1927 partes
892 1850 997 1910 mixtio
1010 1852 1074 1910 est:
1089 1848 1179 1925 spacii
1195 1865 1265 1906 vero
1280 1866 1337 1905 uon
1362 1849 1408 1906 est
1420 1847 1546 1920 cedere,

421 1971 473 2030 scd
496 1969 551 2030 sibi
573 1968 701 2028 invicem
723 1970 856 2029 cedentia
877 1972 1033 2048 suscipere.
1048 1971 1160 2030 Eadem
1175 1973 1279 2029 octavo
1293 1969 1408 2030 ratione
1421 1968 1550 2046 impene-

425 2093 541 2153 trabile:
562 2093 592 2151 id
616 2093 694 2153 euim
714 2097 909 2169 penetratur,
936 2093 1019 2153 cuius
1043 2096 1142 2170 parles
1167 2109 1185 2150 a
1208 2091 1342 2167 partibus
1361 2089 1550 2149 distentiones

424 2213 509 2285 fiunt,
524 2211 572 2292 (l)
584 2213 630 2272 vel
645 2213 845 2272 discoutinuae
859 2217 928 2273 sunt
941 2217 994 2272 aut
1004 2211 1271 2282 discontinuabiles,
1280 2210 1364 2283 tales,
1379 2226 1432 2287 per
1445 2209 1551 2267 harum

423 2333 619 2394 conditionem
640 2334 808 2406 secundam,
823 2333 869 2413 (2)
881 2333 971 2410 spacii
994 2339 1143 2410 nequeunt
1162 2351 1225 2393 esse
1247 2335 1364 2410 parteis.
1386 2332 1472 2393 Nono
1494 2351 1551 2391 non

421 2454 585 2514 formabile:
599 2454 654 2511 boo
669 2454 747 2513 enim
762 2454 915 2512 materiam
930 2457 1046 2531 oportet
1067 2471 1131 2513 essc
1145 2471 1197 2511 seu
1212 2453 1375 2512 subiectum
1390 2456 1420 2512 et
1433 2453 1551 2511 omnino

425 2576 588 2636 alterabile.
610 2576 664 2636 Est
678 2577 790 2636 decimo
804 2577 959 2649 illocabilc,
974 2595 1064 2652 quum
1085 2577 1175 2654 spacii
1198 2597 1254 2636 non
1276 2576 1381 2637 debeat
1401 2595 1463 2637 essc
1483 2594 1552 2653 spa·

424 2701 511 2775 cium,
526 2718 620 2776 neque
631 2702 686 2761 loci
701 2703 791 2762 locus.
805 2701 976 2774 Undecimo,
992 2704 1079 2760 extra
1092 2702 1189 2761 omnia
1208 2700 1467 2777 comprehendens,
1481 2701 1550 2776 quia

423 2827 539 2902 quando
568 2827 656 2886 finem
685 2827 783 2886 omnia
809 2827 965 2885 habuerint
985 2829 1074 2902 atque
1101 2825 1249 2900 figuram,
1275 2825 1354 2884 ultra
1375 2843 1410 2883 ea
1431 2823 1550 2883 minime

423 2966 478 3006 non
495 2947 655 3024 poterimus
676 2946 840 3022 intelligere
862 2946 993 3022 spacium
1008 2944 1264 3022 comprehendens,
1286 2944 1474 3016 Duodecimn,
1501 2942 1549 3000 in-

422 3069 675 3144 comprehensum,
695 3068 764 3143 quia
788 3086 845 3126 non
869 3067 912 3126 ita
936 3072 982 3127 est
995 3068 1075 3127 intus
1098 3071 1130 3127 ut
1144 3067 1420 3144 comprehendatur,
1441 3068 1491 3126 sed
1507 3067 1549 3128 ita

421 3187 455 3244 ut
468 3188 614 3260 exaequet
634 3183 759 3261 propriis
780 3183 1010 3244 dimensionibus
1023 3185 1144 3256 alienas,
1159 3185 1235 3244 sicut
1255 3186 1487 3262 diophanitatcm
1504 3185 1548 3243 di-

419 3303 513 3363 cimus
527 3304 556 3363 in
571 3304 724 3381 crystallo,
738 3303 941 3380 exaequative.
972 3304 1205 3378 Tertiodeoimo,
1220 3306 1342 3381 aequale
1363 3306 1468 3378 locato,
1479 3306 1548 3380 quia

420 3422 551 3481 locutum
576 3421 671 3500 ipsum
699 3422 925 3500 aequalius(ut
938 3423 1104 3482 Rethorum
1125 3442 1207 3484 more
1228 3426 1353 3502 loquar)
1374 3443 1430 3486 uon
1452 3431 1547 3503 potest

421 3560 485 3601 esso
505 3540 570 3603 sibi.
591 3541 828 3615 Quartodecimo,
843 3560 878 3600 ne
891 3542 1069 3618 cogitatione
1082 3548 1168 3603 extra
1182 3560 1314 3621 corpora,
1329 3545 1473 3621 siquidem
1487 3565 1547 3604 cor·

422 3679 495 3740 pora
524 3679 560 3720 ne
584 3663 716 3739 cogitare
730 3662 848 3738 quidem
863 3663 918 3723 nisi
931 3664 1045 3750 'alicubi
1057 3683 1229 3741 possumus:
1253 3665 1321 3725 licet
1336 3667 1445 3744 optimc
1466 3669 1547 3744 cogi-

421 3784 488 3840 tare
514 3798 546 3838 se
561 3780 658 3839 dicere
679 3780 792 3858 possint
803 3780 930 3858 plurimi,
945 3781 1190 3857 quemadmodum
1211 3784 1314 3842 etalio
1337 3787 1430 3846 multa
1451 3786 1547 3846 dicore

421 3902 543 3976 possunt
571 3918 645 3975 quae
666 3918 722 3958 non
737 3899 922 3976 intelligunt:
944 3919 1002 3959 non
1022 3901 1063 3961 sic
1077 3919 1232 3977 possumus
1256 3919 1362 3980 corpus
1375 3906 1547 3967 abstrahere

420 4039 438 4081 a
452 4022 562 4099 spacio,
576 4021 764 4099 cogitatione,
785 4022 861 4083 sicut
873 4041 892 4083 a
904 4041 1026 4101 corpore
1039 4025 1181 4102 spacium.
1204 4026 1436 4105 Quintodooimo,
1453 4049 1546 4108 nequo

447 4189 479 4242 (1)
496 4189 536 4231 Nol
551 4195 610 4232 tosto
624 4187 647 4233 la
661 4191 748 4245 virgula
762 4207 806 4238 non
815 4191 835 4234 c'
845 4194 865 4232 r.

446 4283 477 4335 (tlt
493 4282 574 4326 blanca
584 4290 662 4338 questa
673 4283 759 4337 virgula
768 4298 781 4327 e
792 4287 813 4328 ln
823 4284 957 4340 procedente
967 4285 1003 4327 uel
1012 4291 1077 4327 testo:
1088 4299 1124 4329 run
1135 4287 1155 4329 ci
1163 4288 1265 4343 vogliono
1279 4302 1319 4344 por
1332 4288 1450 4332 articulare
1461 4290 1545 4335 beucla

420 4371 488 4416 irase.
