3442 5108
630 403 807 474 -145-

163 587 357 685 rifioantur
384 606 422 681 in
445 605 540 682 ooelo
567 629 634 707 per
660 606 809 681 nostros
837 605 1083 692 astronomos,
1097 623 1172 677 non
1200 605 1289 676 sunt

160 734 232 810 nisi
261 736 442 835 usurpato
470 731 619 808 nomine
646 729 788 824 oirouli,
816 754 936 832 neque
964 728 1123 805 fideliter
1137 753 1203 830 per
1222 727 1290 804 oir-

163 861 236 938 culi
266 885 428 937 canones
450 861 612 963 judicari
641 864 807 962 possunt.
836 859 986 962 Regula
1022 859 1138 962 igitur
1165 864 1289 936 motus

164 987 303 1080 diurni,
333 987 413 1063 sive
441 1013 464 1062 a
491 986 568 1063 sole
588 987 736 1088 eapitur
754 986 843 1080 solo,
864 986 945 1063 sive
964 1013 987 1063 a
1004 991 1129 1063 terrae
1143 990 1289 1063 tantum

164 1122 280 1209 motu,
300 1117 381 1194 sive
408 1118 454 1193 ab
484 1121 656 1219 utroque,
686 1116 767 1192 sive
785 1117 831 1191 ab
850 1115 921 1208 his,
942 1115 1022 1191 sire
1049 1117 1095 1191 ab
1110 1114 1192 1190 aliis
1211 1114 1289 1190 oir-

167 1244 339 1336 ouitibus,
360 1242 464 1320 nulla
483 1248 542 1320 est
561 1268 726 1345 prorsus,
747 1266 866 1344 neque
894 1266 974 1318 esse
993 1244 1116 1344 potest
1134 1265 1288 1343 geome-

150 1369 280 1471 trica:
309 1370 339 1447 si
368 1371 501 1473 quippe
531 1370 754 1472 regulariter
781 1369 947 1446 dividere
965 1369 1101 1447 lineam
1129 1370 1290 1448 belinam

164 1503 315 1576 nonest
343 1497 528 1599 possibile,
549 1502 587 1573 et
606 1503 728 1573 motus
756 1522 869 1600 supra
887 1522 932 1575 ea
946 1497 1111 1600 aequalis
1139 1498 1290 1575 omnino

164 1629 202 1701 et
221 1629 353 1701 exacte
373 1625 420 1701 ad
439 1624 634 1716 rationem,
654 1650 730 1702 non
749 1630 807 1701 est
825 1625 1018 1702 naturalis:
1039 1651 1201 1729 quonam
1224 1627 1291 1729 igi·

163 1755 345 1854 turpacto
370 1777 409 1826 se
438 1752 644 1828 commetiri
663 1756 840 1853 poterunt
854 1759 977 1831 motus
996 1759 1107 1857 atque
1125 1757 1289 1859 tempus?

164 1878 228 1954 ubi
256 1877 355 1954 euim
382 1882 439 1952 est
466 1877 539 1953 ista
566 1879 780 1980 temporalis
808 1882 1014 1959 mensurat
1044 1884 1106 1960 ubi
1125 1887 1182 1960 est
1199 1884 1290 1961 illud

164 2010 233 2087 sibi
252 2035 425 2111 aequum,
441 2012 539 2111 quod
558 2011 716 2087 aliorum
736 2011 998 2113 aequalitatem
1026 2021 1064 2091 et
1083 2015 1290 2116 inaequali-

163 2145 280 2219 tatem
294 2141 437 2243 judicet
456 2142 470 2216 l
491 2141 587 2224 Quia
601 2141 744 2241 primus
759 2146 881 2217 motus
911 2143 1103 2220 Aristoteli
1133 2143 1292 2221 habeba·

163 2274 226 2347 tur
254 2270 418 2347 omnium
447 2270 776 2371 regulatissimus,
805 2277 934 2375 utpote
962 2273 1021 2349 oui
1049 2279 1173 2350 motus
1193 2278 1291 2351 oeta-

163 2425 233 2474 vae
253 2398 432 2500 sphaerae
451 2397 513 2473 hic
533 2397 733 2499 singularis
752 2403 851 2475 esset
870 2399 1022 2499 prinmo,
1043 2400 1125 2477 ideo
1144 2426 1192 2476 ex
1210 2400 1290 2502 ipso

164 2531 273 2629 oapta
292 2534 349 2602 est
377 2526 474 2602 nitio
502 2526 679 2627 temporis
709 2530 746 2600 et
766 2548 961 2600 mensurae
981 2526 1186 2602 durationis
1205 2550 1288 2626 om-

163 2654 280 2731 nium:
311 2659 350 2729 at
378 2654 464 2755 quid
493 2679 592 2729 nunc
620 2653 771 2746 (liceret,
801 2653 831 2727 si
850 2651 942 2728 alios
970 2659 1094 2730 motus
1114 2655 1291 2756 comperi-

164 2787 232 2873 ret,
264 2781 460 2883 diurnique
489 2787 614 2857 motus
643 2779 1132 2882 mensurammillegeminis
1151 2780 1292 2882 irregu-

165 2906 324 3010 latisque
353 2910 664 2987 commotionibus
691 2909 834 2985 turbari
864 2908 1036 2985 viderur
1065 2909 1151 2986 Jam
1171 2909 1289 2998 vides

165 3035 211 3111 arl
231 3041 321 3139 quot
349 3042 386 3113 et
404 3043 548 3139 quauta
575 3042 701 3113 errata
730 3035 838 3111 unius
869 3035 922 3111 rei
950 3035 1162 3136 ignorantia
1177 3040 1290 3139 atque

164 3164 391 3266 praesumtio
420 3165 612 3241 hominem
632 3165 747 3241 istum
775 3157 961 3264 adegerit!
991 3161 1088 3238 Eece
1107 3162 1291 3264 quomodo

166 3291 305 3367 eadunt
334 3317 400 3367 sex
429 3290 513 3367 illae
530 3292 705 3383 rationes,
734 3290 868 3392 quibus
888 3292 1011 3366 motus
1031 3288 1116 3365 coeli
1143 3294 1290 3392 tempus

55 3486 58 3492 .
165 3420 414 3511 asserebatur,
436 3423 614 3521 tanquam
629 3443 695 3520 per
713 3416 836 3519 ipsum
868 3415 883 3490 l
916 3419 1156 3493 mensuretur
1183 3416 1293 3492 dura·

165 3544 218 3621 tio
240 3546 465 3639 successiva,
486 3546 614 3647 aquia
633 3546 682 3621 sit
695 3545 858 3621 maxime
886 3543 1062 3636 famosuS,
1084 3542 1211 3646 3quia
1239 3544 1290 3619 sit

167 3676 335 3752 omuibus
359 3678 578 3768 oomnmnis,
598 3678 623 3752 l
644 3678 731 3778 quia
749 3675 798 3751 sit
817 3672 1060 3765 invariabilis,
1082 3672 1106 3747 5
1134 3673 1221 3774 quia
1243 3673 1292 3748 sit

166 3802 307 3902 primus
327 3803 505 3888 omnium,
535 3801 662 3903 Oquia
689 3803 739 3878 sit
767 3801 960 3892 minimus,
982 3801 1108 3900 utpote
1129 3799 1291 3876 velocis-

166 3927 293 4004 simus
314 3929 518 4030 Postquam
540 3930 584 4004 de
606 3927 749 4003 ratione
778 3951 975 4002 mensurae
994 3931 1051 4001 est
1070 3923 1086 3999 l
1106 3930 1148 4001 ut
1167 3950 1291 4027 agno-

166 4059 293 4131 soatur
326 4082 393 4157 per
413 4057 532 4159 ipsam
551 4056 608 4160 (l)
627 4056 786 4132 alterum
811 4057 992 4157 quantum
1020 4062 1089 4147 est,
1117 4054 1143 4129 2
1176 4059 1217 4131 ut
1244 4055 1293 4131 sit

166 4186 278 4262 unius
296 4189 444 4289 generis
464 4213 549 4267 oum
569 4191 785 4265 mensurato
804 4189 869 4260 aut
896 4184 1113 4287 simpliciter
1131 4188 1198 4260 aut
1224 4208 1292 4286 per

124 4468 128 4479 ¹
207 4470 253 4549 (1)
269 4471 295 4531 ll
311 4477 388 4533 testo
401 4472 455 4533 ha:
468 4474 544 4550 apsa.
