3442 5108
781 330 946 392 -321-

760 617 902 710 carun*
926 618 966 683 n.

294 845 422 890 Melioribus
430 845 473 889 alis
481 845 503 890 in
512 845 781 914 coalummanndueimur.
796 844 892 902 Moxque
901 858 942 889 noe
952 844 1082 890 constitutae
1096 843 1178 887 sesain
1190 841 1252 885 coelo
1261 837 1419 895 comperimus.

385 1042 412 1110 Ο
435 1043 615 1110 miserande
637 1064 747 1121 senex,
772 1048 864 1111 tanto
887 1045 940 1110 eui
962 1048 1104 1129 tempore
1127 1039 1262 1115 eoelum,

340 1174 522 1260 Sideraque,
546 1182 579 1244 et
602 1176 712 1243 mundi
733 1178 831 1244 series
853 1176 1035 1262 spectabilis
1058 1175 1153 1240 huius

340 1304 426 1372 Ante
449 1305 568 1383 oculos,
593 1305 718 1372 vicibus
739 1307 838 1374 tantis
861 1304 1044 1393 repetend0,
1067 1302 1181 1371 dedere

339 1436 511 1503 Materiam
534 1458 667 1504 sensus:
691 1445 727 1506 tu
750 1461 880 1526 pronus,
905 1441 951 1527 (l)
974 1441 1103 1518 lumine,
1127 1445 1161 1506 et
1184 1457 1263 1504 aure

339 1569 486 1636 Naturae
512 1583 533 1636 a
555 1569 648 1652 libre,
672 1592 692 1637 a
714 1572 794 1654 luce,
818 1593 838 1639 a
861 1592 940 1638 voce
962 1570 1119 1646 revulsis,

342 1701 506 1768 Scrutaris
528 1702 641 1781 nubes,
666 1703 820 1769 nebulosa
843 1701 1008 1769 volumina
1031 1703 1171 1775 vertens,

343 1829 499 1910 Cernuus,
523 1833 688 1912 incurvus,
712 1830 874 1920 gibbosus,
898 1830 1030 1918 pandus,
1055 1829 1219 1898 Athlantis

340 1958 460 2039 Instar,
486 1964 523 2026 ut
545 1963 594 2025 est
617 1960 697 2026 coeli
719 1979 907 2046 suppressus
929 1956 1079 2043 pondere,
1105 1955 1196 2021 cuius

345 2092 487 2173 Aspectu
511 2092 630 2165 careal,
655 2087 818 2173 Stagyreo
841 2108 859 2152 e
881 2085 1011 2152 flumine
1035 2089 1191 2166 monstra,

340 2218 538 2286 Phantasiae
563 2236 668 2294 nassa,
693 2215 742 2303 (2)
765 2216 940 2302 expiscaris
962 2214 1183 2290 stultitiarum

227 2350 230 2356 “
341 2347 385 2414 Ut
407 2367 536 2413 sensum
558 2344 699 2428 infantis,
723 2345 825 2414 multa
847 2346 972 2412 ratione
996 2342 1134 2411 refixum

341 2475 485 2561 Amplius
509 2474 675 2542 insolides:
699 2473 862 2542 doctorem
885 2478 922 2542 ut
945 2473 1057 2540 lunera
1079 2477 1207 2540 tantum

342 2598 484 2665 Tandem
506 2621 580 2667 cum
603 2621 717 2686 pompa
739 2600 923 2686 excipiaut;
947 2603 980 2666 et
1002 2597 1134 2684 spiritus
1157 2595 1228 2660 illas

343 2730 483 2799 Advolat
506 2733 538 2797 in
561 2734 689 2817 quintas
712 2740 857 2811 naturas,
880 2733 1000 2800 scilicet
1021 2738 1119 2799 astra.

342 2861 402 2925 Eia
424 2881 496 2947 age,
520 2881 539 2926 o
562 2862 744 2928 venerande
766 2882 876 2940 senex,
900 2863 1074 2948 requiesce,
1099 2881 1226 2949 repone,

344 2993 485 3060 Tandem
507 2997 639 3081 respira,
664 3001 697 3061 et
719 2996 807 3062 coelo
831 2995 961 3064 meliore
984 2993 1112 3060 fruare:

343 3121 487 3206 Erigere,
510 3128 543 3189 et
565 3122 673 3189 clauso
695 3122 757 3189 hoe
779 3122 906 3189 demum
929 3124 967 3191 de
989 3144 1117 3190 carcere
1140 3122 1241 3208 prodi.

345 3249 427 3323 Quid
450 3271 515 3318 non
537 3256 570 3319 te
594 3251 703 3320 docuit
724 3253 838 3320 saltem
862 3254 910 3340 (3)
933 3252 1089 3331 dubitare,
1117 3259 1263 3340 repertus

345 3379 462 3446 Totum
486 3401 684 3469 pergyrum
707 3385 828 3456 similis.
854 3385 989 3451 Telluris
1012 3385 1157 3467 horizon,

344 3505 395 3572 Ne
418 3526 551 3593 quoque,
575 3510 716 3577 sidereae
739 3511 878 3596 reliquas
901 3514 1041 3600 regionis
1065 3512 1105 3579 ad
1128 3532 1203 3579 oras
1257 3538 1261 3546 ·

345 3638 546 3726 Assumptus,
571 3641 722 3709 mundum
745 3644 855 3710 videas
878 3645 910 3711 in
934 3647 1073 3733 imagine
1096 3644 1219 3728 eadem,

345 3766 458 3833 Totius
482 3773 517 3835 ut·
540 3770 676 3836 medium
700 3791 812 3837 rursus
836 3771 963 3839 videare
980 3773 1113 3839 teneret

345 3892 430 3959 Num
453 3913 516 3978 quo
539 3915 602 3961 non
625 3896 757 3984 pedibus
780 3898 828 3988 (l)
851 3900 948 3968 liceat
971 3900 1106 3966 Telluris
1129 3900 1170 3967 ab
1193 3900 1280 3978 orbe,

328 4124 358 4179 (ll
368 4123 409 4167 ‚Tel
420 4131 478 4167 teste
487 4136 567 4169 manea
576 4132 655 4182 questa
664 4125 761 4181 virgula.

329 4223 361 4278 (ἲ)
378 4225 462 4273 Quaem
471 4222 580 4278 virgulae
595 4224 616 4267 la
626 4224 760 4281 precedente
775 4237 883 4270 maucauo
892 4226 927 4269 nel
938 4234 1002 4272 testo.

330 4322 361 4374 (³)
372 4320 388 4362 ll
397 4327 455 4363 testo
468 4319 508 4363 ha:
521 4322 611 4362 saliem.

331 4413 362 4468 (l)
373 4411 390 4456 ll
400 4419 458 4456 teste
466 4411 506 4456 hu:
517 4413 613 4468 pediale.
