3442 5108
717 342 895 402 -310-

293 528 330 592 In
354 528 472 612 proprii
496 532 580 594 meta
604 528 732 613 generis
756 528 931 614 producere
955 547 1075 613 parvos

293 654 439 740 Exiguae
463 662 598 739 possunt
621 675 754 720 caussae
778 653 946 740 perfectius
969 658 1080 729 actus;

293 787 396 862 Quam
422 791 525 874 magis
549 790 705 853 immensa
726 795 760 856 et
783 789 965 875 generalior
988 789 1042 853 illa
1065 786 1185 855 valebit

294 919 397 993 Quam
422 919 500 984 nihil
525 920 683 1006 impediet,
708 922 806 985 nilum
831 921 881 985 cui
905 919 1027 994 obstet,
1051 922 1083 985 et
1106 917 1172 983 ullo
1195 914 1281 980 haud

292 1050 507 1124 Detrectante,
533 1049 583 1135 (l)
607 1051 672 1114 suis
695 1070 777 1133 quae
800 1051 924 1116 sanciat
947 1050 1053 1112 omnia
1077 1045 1177 1111 fatis?

293 1181 401 1247 Sicubi
425 1187 594 1265 praeterea
617 1191 666 1246 est
689 1179 809 1245 formae
834 1198 933 1264 genus
956 1196 1048 1241 omne
1072 1180 1244 1260 repertum,

294 1315 403 1380 Omnis
426 1315 500 1380 item
523 1315 641 1399 species
664 1314 827 1392 distincta,
849 1312 950 1375 omnis
972 1326 1192 1392 numerusque,

293 1443 399 1517 Actio,
426 1462 514 1527 opus,
539 1443 648 1522 series,
672 1439 818 1514 medium,
843 1437 932 1513 ordo,
957 1438 1037 1512 idea,
1062 1440 1216 1521 potestas,
1258 1498 1265 1507 ,

295 1574 461 1648 Materies,
485 1574 638 1657 spacium,
664 1576 779 1646 motus
805 1569 1064 1655 terrip11S‚locuS,
1090 1571 1190 1641 actor;

296 1708 473 1772 Praeterea
497 1706 580 1792 quod
604 1709 645 1771 sit
669 1706 845 1770 formarum
870 1705 1024 1789 ipsissima
1048 1699 1165 1773 forma,

297 1836 451 1900 Materies
475 1835 676 1920 amphitritas
700 1837 744 1902 sit
767 1832 1001 1901 materierurnl

342 1965 526 2030 Perfectum
551 1968 638 2050 sique
663 1974 712 2030 est
735 1966 843 2030 multis
867 1964 949 2049 quod
976 1964 1119 2049 partibus
1142 1967 1260 2041 exstat,

295 2097 392 2163 Certa
416 2097 567 2182 dispostis
591 2099 682 2172 serie,
706 2103 738 2162 et
762 2095 947 2160 coeuntibus
971 2100 1055 2179 apte,

295 2225 378 2299 Quid
402 2224 488 2290 dices
514 2224 564 2288 ubi
590 2232 789 2289 concurrunt
813 2230 928 2290 cuncta
952 2227 1073 2309 optima
1098 2227 1126 2289 in
1152 2224 1285 2288 unuml

295 2350 399 2414 Unica
421 2369 578 2433 corporea
601 2356 650 2415 est
673 2351 803 2414 divinae
828 2352 941 2415 mentis
964 2352 1081 2435 imago,

296 2480 487 2564 Vestigium,
516 2487 637 2553 statua,
664 2479 869 2564 archetypus,
894 2483 1064 2564 scriptura,
1089 2481 1240 2564 sigillum,

297 2615 400 2689 Quam
425 2619 583 2689 metuunt,
610 2613 762 2688 recolunt,
788 2612 959 2685 celclnant,
986 2613 1156 2687 mirantur,
1181 2611 1328 2679 adorant.

298 2742 409 2807 Militis
436 2743 594 2807 innumeri
619 2743 735 2828 duplex
760 2745 921 2808 exercitus
946 2744 1076 2809 obstans

301 2870 447 2954 Undique
472 2892 672 2957 consurgens
697 2872 764 2939 sata
787 2876 818 2936 iu
844 2875 1017 2948 contraria,
1044 2894 1152 2957 pacem

300 3007 419 3073 Ordine
443 3008 568 3073 sublimi
592 3010 798 3075 harmonicae
823 3010 1048 3093 servandaque
1073 3011 1161 3094 legis

345 3138 412 3201 Nec
436 3139 510 3222 qnia
535 3145 669 3204 naturae
694 3143 724 3204 in
750 3143 872 3226 gremio
897 3160 960 3203 non
985 3142 1103 3224 optima
1127 3159 1289 3222 quaeque,

304 3266 345 3330 Et
369 3287 428 3330 sua
452 3277 597 3333 monstra
622 3271 707 3352 parit
729 3271 850 3353 species
875 3289 936 3333 non
963 3289 1038 3341 una,
1064 3267 1170 3332 licebit

304 3392 446 3460 Artificis
470 3416 584 3480 carpas
610 3397 771 3461 molimina
796 3402 888 3463 tanta
913 3400 1061 3480 potentis

304 3526 462 3611 Quidquid
488 3529 570 3591 enirn
595 3530 746 3612 exiguum
777 3534 834 3602 est,
861 3528 1025 3608 imbecille,
1050 3531 1144 3612 inque
1169 3530 1322 3592 mirantum

304 3654 418 3719 'Potius
444 3655 581 3719 incurrit
605 3656 824 3739 complendam
849 3657 888 3721 ad
913 3656 1121 3722 nobilitatem.

305 3783 454 3867 Nunquid
480 3784 564 3846 enim
589 3786 715 3868 pictura
739 3783 795 3849 tibi
821 3790 897 3848 tunc
921 3783 1041 3866 optima
1065 3783 1118 3847 liet

307 3911 444 3984 Quando
469 3931 582 3976 aurum
607 3917 664 3978 aut
688 3914 792 3997 tyrius
815 3913 904 3978 color
930 3913 1069 3996 optimus
1093 3910 1230 3994 undique
1255 3911 1382 3994 fulget?

306 4039 358 4103 An
382 4058 446 4102 non
470 4044 503 4105 et
527 4038 624 4105 furva
646 4063 663 4106 e
687 4040 804 4106 nebula
826 4043 925 4106 micat
947 4039 1090 4126 optime?
1113 4061 1155 4105 an
1180 4041 1262 4105 ullus

307 4173 384 4239 Esse
407 4174 527 4260 gradus
552 4175 680 4259 poterit,
704 4177 758 4259 qui
783 4196 840 4261 pro
864 4177 1008 4257 serieque
1032 4173 1164 4256 locoque

292 4446 323 4499 (1)
334 4446 420 4494 Quosne
429 4446 517 4498 virgula
530 4459 610 4492 manca
625 4460 685 4503 pare.
