3442 5108
823 218 1001 294 7148·-

351 414 401 492 Et
420 415 534 508 certe,
553 412 616 490 ubi
635 412 738 490 videt
756 409 976 489 Aristoteles
991 410 1161 514 exemplo
1176 433 1305 487 eorum
1319 409 1473 511 septem,

351 543 413 646 qui
430 543 609 620 Sardibus
624 541 681 648 (l)
701 542 800 645 apud
817 540 951 616 heroas
975 539 1220 630 dormierunt,
1249 536 1347 641 quod
1373 531 1477 612 nulla

351 672 407 744 est
425 669 613 772 perceptio
632 668 823 771 temporis,
844 668 890 744 ob
909 666 946 742 id
965 667 1052 768 quia
1074 666 1177 744 nulla
1200 670 1258 742 est
1284 660 1474 767 perceptio

352 800 488 890 motus,
506 796 662 875 debebat
680 803 873 900 poteratve
889 795 1121 891 concludere,
1132 802 1276 875 motum
1287 818 1368 873 esse
1386 797 1479 870 tem·

351 925 451 1028 poris
467 952 693 1023 mensuram,
712 925 836 1030 potius
855 947 969 1026 quarn
986 928 1133 1028 tempus
1153 930 1288 1002 motus

821 1201 941 1256 ARTIC.
961 1201 1021 1253 XL.

335 1513 336 1517 Ν
409 1428 661 1506 Nihilominus
681 1433 829 1531 tempus
848 1454 929 1507 esse
950 1431 1118 1526 dicimus,
1135 1433 1166 1508 si
1187 1432 1312 1509 omnia
1331 1428 1480 1534 quieve-

355 1560 441 1636 rint.
461 1559 667 1660 Propterea
685 1583 761 1636 non
779 1564 927 1659 tempus
947 1560 1010 1633 sed
1029 1560 1208 1661 temporis
1228 1556 1478 1661 cognitionem

357 1686 477 1764 motui
492 1685 647 1789 alligare
666 1686 791 1764 debuit
806 1686 1039 1765 Aristoteles.

853 1967 976 2021 RATIO.

413 2203 525 2281 Certe
544 2197 576 2273 si
594 2199 719 2272 motus
737 2220 811 2273 non
826 2206 924 2278 esset
943 2205 981 2278 et
1000 2200 1169 2289 mutatio,
1190 2199 1282 2277 nihil
1302 2206 1485 2306 tempora-

357 2330 393 2408 le
412 2329 609 2419 diceretur,
620 2325 718 2403 idern
729 2352 918 2431 unumque
937 2335 1035 2409 esset
1054 2331 1222 2407 omnium
1240 2335 1398 2434 ternpus,
1410 2358 1486 2411 una

359 2459 561 2560 eademque
581 2456 739 2550 duratio,
760 2483 855 2559 quae
873 2461 1075 2538 aeternitas
1095 2459 1244 2537 dicitur:
1264 2461 1378 2538 innno
1394 2466 1487 2539 tem·

360 2616 428 2693 pus
457 2588 554 2689 quod
584 2590 641 2662 est
682 2590 862 2690 cujusque
891 2588 1089 2680 reiectas,
1118 2586 1175 2691 (2)
1203 2587 1347 2664 nullum
1375 2592 1485 2665 esset.

360 2719 453 2794 Esse
472 2716 587 2818 igitur
609 2714 787 2816 temporis
792 2717 904 2815 juxta
924 2742 1011 2792 suas
1031 2715 1351 2818 speciespendeta
1370 2722 1485 2795 motu.

414 2845 499 2920 Janr
519 2841 548 2917 si
568 2840 714 2917 accidat
744 2841 869 2917 onrnia
898 2842 1102 2943 quiescere,
1123 2842 1313 2918 accidetne
1342 2847 1490 2944 propte-

362 2994 432 3047 rea*
453 2970 548 3045 haec
575 2964 652 3043 non
685 2966 845 3042 duraret
865 2967 979 3042 immo
1010 2965 1159 3058 durant,
1189 2991 1264 3041 una
1283 2966 1488 3069 eademque

363 3095 488 3173 onmia
515 3094 711 3169 duratione
739 3094 887 3169 durant.
923 3092 995 3169 Sed
1027 3090 1129 3167 nullo
1158 3091 1343 3167 existente
1370 3095 1488 3184 motu,

362 3222 464 3300 nulla
485 3221 692 3297 durationis
711 3222 791 3321 ejus
811 3221 882 3297 erit
901 3246 1089 3302 mensura.
1117 3220 1202 3295 Erit
1230 3219 1345 3321 igitur
1364 3223 1489 3296 motus

363 3375 539 3427 mensura
558 3348 753 3449 temporis,
773 3374 838 3424 seu
859 3348 1064 3426 durationis
1084 3349 1232 3425 ornnino
1247 3349 1286 3425 in
1306 3349 1364 3435 iis,
1393 3374 1490 3450 quae

365 3483 505 3556 certam
525 3475 786 3576 definitamque
806 3476 1040 3554 durationem
1051 3478 1265 3570 admittunt,
1282 3480 1346 3555 sed
1358 3504 1488 3556 revera

366 3628 560 3705 magnaex
576 3606 683 3703 parte
702 3601 738 3677 id
759 3602 884 3679 olfecit
903 3603 1137 3694 Aristotelea,
1167 3602 1226 3678 cui
1246 3628 1331 3679 cunr
1350 3603 1491 3706 placuit

366 3731 535 3833 accipere
545 3736 692 3832 tempus
702 3755 919 3810 mensurant
929 3737 1065 3824 motus,
1077 3738 1223 3833 ternpus
1238 3738 1382 3811 moturn
1392 3734 1491 3811 diur-

409 3968 456 4049 (l)
471 3970 496 4031 ll
509 3971 585 4028 testo
610 3968 664 4028 ha:
690 3970 817 4031 Sardis:
833 3971 853 4031 il
868 3971 990 4032 Gfrbrer
1003 3990 1145 4051 corregge
1168 3970 1341 4034 Sardibus:
1356 3970 1377 4030 il
1393 3971 1494 4029 Bruno

369 4090 423 4148 par
436 4075 490 4133 che
504 4070 592 4130 abbia
612 4069 714 4130 voluto
728 4089 902 4135 conservare
923 4075 953 4134 la
973 4073 1067 4133 lorma
1087 4074 1233 4150 grecadel
1254 4077 1331 4134 testo
1345 4072 1488 4132 aristote·

369 4169 434 4243 lico,
454 4172 509 4231 che
521 4170 599 4231 dice:
616 4166 647 4230 έν
662 4169 786 4252 Σαρδοῖ.

410 4275 455 4351 (2)
470 4276 495 4335 ll
509 4279 587 4337 testo
601 4276 653 4335 ha:
668 4284 746 4340 actu.
830 4265 836 4275 ’
