3442 5108
696 320 875 381 -aot-

280 507 370 581 Quae
395 507 509 571 molem
532 509 656 592 recipit,
681 509 803 575 formae
828 531 886 596 pro
910 511 1101 581 conditione.

279 641 361 706 llinc
384 641 481 704 moles
504 641 648 724 sequitur
672 640 823 720 lerinam,
849 644 1045 730 farinamque
1070 647 1184 733 figura.

282 775 369 859 Ergo
394 773 542 857 quidquid
567 776 633 857 agit
655 775 831 861 subjectum
856 781 1000 863 corporis
1025 781 1135 858 altum,

279 905 438 990 Amplum,
462 906 671 988 spissumque,
696 905 726 970 id
751 927 814 970 non
839 913 888 974 est
911 908 1101 988 substantia,
1126 911 1182 976 sed
1205 913 1281 997 quid

280 1035 452 1101 decedens.
479 1034 583 1119 Igitur
607 1034 756 1119 quidquid
780 1034 934 1101 dimensio
957 1036 1090 1122 profert,

279 1165 384 1248 Atque
409 1163 504 1248 capit,
528 1168 632 1230 totum
655 1170 705 1229 est
728 1164 905 1230 accedens:
931 1186 1009 1251 ergo
1033 1188 1088 1252 per
1112 1168 1200 1233 illam

278 1295 331 1360 Nil
356 1297 458 1381 magis
482 1302 532 1362 est
557 1296 656 1382 ligno,
681 1315 774 1380 quam
801 1296 873 1363 luci.
899 1299 982 1365 Hinc
1006 1300 1119 1388 colligo
1146 1322 1223 1368 vere

279 1423 432 1507 Corporis
457 1430 493 1490 ut
516 1424 601 1489 ratio
624 1425 727 1488 minus
752 1424 837 1501 huic,
862 1447 957 1510 quam
982 1432 1135 1496 convenit
1159 1432 1214 1496 illi.

278 1551 368 1616 Unde
392 1558 425 1618 et
450 1552 532 1616 idem
556 1571 671 1636 eorpus
695 1552 855 1639 Physicae
880 1555 986 1632 datur,
1012 1564 1107 1642 atque
1133 1559 1290 1637 Mathesi,

278 1681 319 1745 Et
344 1681 485 1765 spacium
508 1683 557 1743 est
580 1678 693 1743 melius
716 1679 897 1748 substantia
920 1685 1006 1750 dicta
1029 1683 1176 1769 Platoni;
1259 1686 1263 1691 ’

277 1809 422 1893 Corpora
445 1808 472 1871 si
495 1813 608 1873 mutuo
632 1813 861 1885 transmutant,
886 1812 980 1894 inque
1005 1812 1144 1878 vicissim

277 1938 437 2020 Perpetua
461 1935 487 1998 is
511 1933 559 2020 (l)
583 1936 664 2000 serie
688 1936 841 2003 donatum
865 1942 914 2005 est
938 1959 1029 2025 posse
1052 1962 1170 2008 meare.

276 2071 441 2136 Hactenus
469 2069 594 2133 intento
620 2070 699 2154 satis
724 2068 803 2135 haec
827 2068 938 2136 secisse
962 2071 1122 2138 videntur.

271 2251 333 2310 Etsi
356 2247 530 2326 quantitatis
552 2247 734 2307 differentiae
755 2249 813 2308 sint
834 2249 949 2309 finitum
970 2256 1000 2309 et
1022 2250 1179 2324 infinitum,
1194 2257 1224 2312 et
1245 2253 1353 2312 harum

230 2377 336 2432 neutra
356 2369 515 2447 primarum
538 2367 711 2444 quantitatis
732 2368 905 2444 specierum,
918 2369 1008 2448 (quae
1029 2375 1098 2430 sunt
1118 2370 1205 2442 linea,
1225 2371 1353 2447 superfi-

230 2492 298 2562 cies
319 2495 349 2547 et
363 2485 493 2566 corpus),
515 2486 712 2545 definitionem
725 2486 916 2562 ingrediatur:
932 2488 1038 2564 ubique
1048 2493 1145 2549 tamen
1160 2490 1350 2564 Aristoteles,

230 2614 312 2690 quasi
335 2617 455 2671 naturae
471 2608 601 2686 corporis
615 2626 790 2685 repugnans
802 2608 908 2686 accipit
928 2614 1016 2686 atquo
1030 2610 1110 2687 ponit
1123 2610 1287 2670 infinitum:
1302 2608 1349 2692 (2)

229 2756 332 2815 eorpus
361 2736 467 2812 quippe
496 2752 580 2792 omno
608 2734 673 2792 rult
700 2750 763 2792 esse
791 2733 960 2808 figuratum.
983 2733 1093 2793 Infiniti
1115 2751 1203 2810 porro
1224 2732 1353 2810 figuram

229 2857 369 2934 eorporis
382 2856 499 2933 saepius
514 2854 611 2913 allatis
633 2854 805 2926 rationibus,
820 2854 1002 2930 sphaericam
1017 2854 1063 2935 (3)
1084 2855 1223 2916 dixerunt
1237 2854 1352 2931 antiqui

228 2979 345 3057 plurimi
366 2983 432 3056 post
451 2979 675 3055 Xenophanem.
690 2976 792 3036 Talem
814 2976 1004 3053 intelligimus
1027 2995 1091 3037 esse
1112 2983 1142 3037 et
1156 2977 1257 3055 spacii,
1268 2977 1353 3055 cujus

228 3104 392 3164 necessario
414 3101 607 3161 dimensiones
628 3117 694 3159 cum
714 3099 845 3176 eorporis
860 3103 1038 3156 concurrunt
1059 3096 1298 3169 dimensionibus,
1316 3100 1350 3157 ut

228 3230 274 3285 est
294 3230 452 3284 ostensum.
474 3222 583 3282 Infinitl
606 3222 650 3299 (l)
672 3238 743 3279 vero
766 3219 843 3296 plani
864 3219 1009 3296 figuram,
1031 3219 1060 3277 in
1081 3218 1116 3277 iis
1138 3236 1213 3294 quae
1236 3218 1272 3275 do
1294 3218 1354 3277 mi·

228 3345 306 3403 nimo
321 3345 376 3421 (5),
397 3341 569 3401 circularem
584 3357 648 3399 esso
669 3337 833 3402 retulimus:
855 3355 942 3414 quam
970 3336 1091 3396 eandem
1119 3335 1194 3408 finis,
1216 3336 1346 3405 termini,

227 3473 315 3545 utque
330 3467 439 3528 minimi
462 3468 670 3535 contestamur,
691 3466 721 3520 et
741 3461 850 3520 allatae
870 3462 947 3530 sunt,
969 3457 1074 3534 quibus
1095 3456 1279 3535 sphaericum
1304 3459 1351 3514 ost

226 3592 388 3663 minimum,
400 3586 584 3666 sphaericum
597 3590 642 3644 est
656 3599 804 3658 magnum,
818 3583 849 3638 et
862 3577 1046 3656 sphaericum
1058 3581 1104 3636 est
1119 3577 1279 3636 maximum
1293 3574 1348 3654 (6),

227 3713 417 3776 differentiae.

249 3888 278 3935 (ll
295 3886 310 3927 ll
319 3889 377 3927 testo
391 3882 427 3924 ha:
440 3880 476 3922 iia.

252 3982 283 4035 (tl
295 3979 311 4021 ll
322 3984 379 4020 leno
389 3989 431 4018 non
441 3975 470 4016 lm
479 3974 549 4029 questi
559 3972 600 4014 due
610 3971 681 4027 pnml,
700 3982 768 4014 soum
777 3970 783 4012 i
793 3969 853 4025 qnall
864 3970 983 4019 tunoleum
993 3967 1102 4024 potrebbe
1116 3975 1178 4012 stare
1194 3980 1236 4012 con
1250 3981 1345 4024 corpu«.

251 4071 281 4122 (3)
296 4068 311 4110 ll
321 4073 380 4109 testo
390 4066 425 4108 lia:
438 4065 585 4118 splncrtcum,
596 4062 718 4103 dixericnt.

250 4162 281 4209 (u
293 4160 309 4202 ll
319 4164 375 4200 nmo
385 4158 420 4199 liu:
434 4156 460 4198 In
469 4154 537 4204 nutet.

251 4256 282 4307 (sq
294 4256 379 4301 Quiesce
388 4252 473 4303 virgula
482 4264 495 4291 e
507 4250 528 4292 ln
538 4250 670 4306 precedente
685 4260 796 4292 mnnenno
809 4247 845 4291 uel
859 4254 925 4291 testo.
942 4238 960 4291 u
975 4258 1020 4291 una
1035 4246 1145 4290 citatione
1159 4244 1197 4290 del
1209 4244 1236 4287 de
1252 4244 1351 4289 uenerit

225 4349 364 4391 frustanea:
377 4345 425 4387 tu.
437 4346 452 4387 1.
464 4356 513 4400 cop.
525 4344 580 4387 XII.

253 4443 284 4498 (ὁ)
294 4441 378 4492 Quanta
388 4438 473 4495 virgula
484 4449 565 4483 manet
575 4451 628 4495 puro
637 4438 673 4484 uel
683 4446 747 4485 teuto.

1145 4494 1183 4554 38
