3442 5108
698 358 873 418 -153-

209 547 336 624 matici
365 545 562 646 accipiunt
590 546 774 623 infinitam
802 544 1026 647 sempliciter
1057 548 1205 635 lineam,
1234 550 1340 651 cujus

208 675 333 752 nullus
354 700 442 750 usus
463 698 544 749 esse
568 678 702 774 potest,
722 672 786 748 sed
806 672 1011 748 secundum
1039 674 1126 774 quid
1154 673 1338 751 infinitam

209 801 407 902 accipiunt,
430 800 517 902 quia
546 799 618 875 illis
639 800 825 876 infinitum
850 804 908 875 est
936 804 1273 906 quantumcunque,
1302 809 1340 880 ct

209 933 313 1034 quod¹
326 957 400 1037 non
424 930 597 1007 definitae
618 930 779 1006 sumitur
798 929 1034 1031 quantitatiS,
1055 935 1238 1031 quatenus
1266 930 1338 1008 illis

208 1064 293 1161 post
313 1062 507 1158 acceptum
542 1081 689 1157 semper
716 1057 875 1159 aniplius
904 1058 1073 1160 accipere
1092 1059 1214 1138 liceat.
1243 1060 1339 1144 Quo-

209 1185 331 1276 modo,
351 1208 437 1260 cum
456 1183 556 1259 linea
575 1183 655 1258 AB
675 1182 787 1283 duplo
806 1185 926 1284 major
954 1184 1003 1259 sit
1030 1183 1128 1262 linea
1146 1187 1179 1262 B
1198 1188 1243 1280 D,
1274 1213 1339 1288 pei·

209 1314 362 1417 duplum
381 1314 420 1389 iu
435 1312 622 1388 infinitum
634 1308 826 1386 divisibilis
843 1335 917 1386 nou
933 1311 1028 1387 ecitl
1048 1312 1077 1387 si
1098 1313 1137 1389 in
1152 1320 1289 1416 puncto
1307 1316 1337 1394 C

210 1447 267 1519 cst
284 1442 338 1518 illi
359 1441 536 1545 aequalis
558 1426 596 1517 et
615 1438 819 1541 aequaliter
837 1439 875 1515 in
896 1439 1085 1516 infinitum
1114 1441 1333 1518 divisibilis?

211 1968 265 2043 lbi
294 1968 325 2044 si
340 1965 573 2041 divisibilitas
593 1969 650 2040 est
669 1965 824 2067 duplex,
856 1967 942 2068 quia
969 1966 1089 2045 lineae
1116 1969 1335 2071 magnitudo

211 2103 266 2175 cst
289 2096 439 2199 duplex,
459 2120 526 2170 cur
554 2093 719 2169 infinitas
738 2094 899 2195 partium
929 2095 1094 2171 nouerit
1121 2095 1270 2197 duplex,
1299 2106 1336 2175 et

211 2227 480 2325 cousequenter
496 2221 694 2311 inlinitum,
711 2223 808 2321 quod
819 2228 877 2299 est
892 2224 929 2299 in
944 2223 1042 2299 linea
1057 2226 1103 2317 A,
1119 2225 1167 2301 sit
1182 2226 1334 2328 duplum

210 2354 254 2428 ad
276 2351 460 2428 infinitum
482 2348 576 2448 quod
606 2352 663 2422 cst
693 2347 729 2422 iu
757 2347 853 2424 linea
883 2349 927 2439 B,
958 2353 993 2424 et
1022 2349 1207 2426 inlinitum
1237 2352 1334 2427 inB

209 2481 303 2583 (sivo
323 2480 362 2554 in
385 2478 550 2580 potentia
570 2478 629 2567 sit,
650 2477 729 2552 sive
750 2477 903 2587 inacta,
924 2480 1016 2555 nihil
1035 2478 1174 2584 differt)
1193 2483 1241 2559 sit
1260 2507 1334 2560 me-

210 2609 328 2684 dietas
348 2605 484 2681 infiniti
504 2605 541 2680 in
562 2606 610 2682 A?
628 2604 822 2687 Quomodo
844 2633 958 2684 unum
978 2609 1166 2687 infinitum
1186 2617 1243 2688 est
1261 2637 1336 2690 ma-

204 2736 268 2835 jus
289 2734 361 2811 alio
389 2733 428 2809 in
456 2732 622 2834 potentia
641 2732 701 2807 vel
729 2733 766 2808 iu
796 2736 907 2810 actui
936 2760 985 2811 cn
1013 2736 1180 2815 infinitae
1208 2744 1334 2840 partes

211 2861 321 2937 unius
351 2863 437 2936 sunt
456 2861 616 2960 majores
644 2858 797 2934 infinitis
818 2860 984 2960 partibus
1012 2862 1190 2938 alterius?
1220 2865 1335 2968 Atqui

210 2988 268 3083 (ut
287 2985 464 3089 diximus)
479 3010 564 3061 cum
584 2985 692 3061 liceat
711 2991 948 3088 quotcunque
976 2987 1144 3089 accipere
1168 2994 1292 3090 partes
1312 3016 1335 3066 a

210 3118 358 3202 minori,
380 3120 436 3193 tot
456 3120 555 3193 ceute
574 3115 725 3191 tandem
744 3114 869 3191 licebit
887 3115 1055 3217 accipere
1075 3120 1112 3192 et
1131 3116 1333 3218 duplicare,
1367 3099 1380 3127 '

211 3254 253 3324 ut
281 3273 427 3350 sempor
445 3251 569 3349 partes
598 3247 758 3345 majores
787 3244 996 3347 adaequare
1024 3243 1177 3346 possint.
1199 3245 1333 3321 Partes

211 3376 310 3450 onim
329 3375 446 3450 lineae
463 3376 495 3449 d
515 3376 546 3449 13
566 3373 622 3448 uis
650 3372 791 3448 diuisae
811 3374 847 3447 iu
875 3376 1000 3474 partes
1028 3370 1214 3474 aequales,
1245 3376 1335 3447 sunt

210 3501 382 3603 aequales
398 3501 565 3600 pactibus
584 3500 691 3575 linoae
712 3500 743 3574 Β
762 3499 795 3573 D
815 3498 929 3574 semel
949 3498 1088 3574 divisae
1108 3501 1144 3572 ct
1164 3497 1199 3572 in
1215 3496 1336 3573 infini-

210 3631 250 3703 ta
277 3634 315 3703 ct
338 3627 512 3703 infinitios
540 3625 732 3702 divisibilis
752 3623 819 3727 (l).
840 3625 921 3700 Non
943 3621 1066 3700 differt
1085 3623 1115 3699 si
1135 3623 1246 3699 toties
1276 3621 1334 3698 vel

211 3757 354 3856 quotics
370 3758 436 3832 liat
464 3756 608 3832 divisio
638 3756 757 3830 Porro
786 3755 872 3829 licet
899 3754 1105 3857 aequaliter
1133 3757 1335 3855 utcumque

211 3884 258 3957 sit
286 3884 478 3963 divisibile,
507 3883 592 3984 quia
621 3883 658 3957 iu
688 3881 831 3957 infinito
860 3885 1018 3956 nonest
1047 3882 1166 3982 majus
1186 3880 1245 3956 vcl
1269 3879 1336 3955 mi-

212 4015 343 4100 nuS,et
364 4010 494 4085 induiti
525 4008 631 4109 digiti
659 4032 732 4083 non
762 4012 850 4082 sunt
868 4009 1003 4088 minus.
1034 4032 1146 4109 quam
1166 4013 1255 4082 sunt
1282 4006 1335 4081 iu·

211 4135 337 4211 smitac
357 4161 600 4238 paiusangae:
630 4132 744 4208 stabit
758 4136 884 4209 tamen
903 4158 1050 4234 semper
1069 4156 1216 4224 verum,
1237 4131 1335 4233 quod

252 4422 298 4505 (l)
313 4425 337 4485 ll
353 4429 429 4486 testo
447 4427 502 4485 lia:
516 4422 667 4483 (le'cclcidili.
