3442 5108
884 332 1066 393 -340-

450 474 534 538 Quod
549 474 573 534 si
588 473 632 533 ita
645 478 700 548 est,
709 475 773 553 jam
790 495 845 536 nen
868 480 925 538 erit
946 483 1059 538 astrum
1080 497 1147 556 pars
1169 480 1260 555 eceli,
1283 499 1335 542 seu
1356 481 1453 550 erbis,
1474 480 1538 540 orbi

410 600 645 672 continua,inter
660 617 747 674 quam
762 605 792 658 et
807 602 907 660 orbem
922 601 994 660 nihii
1005 600 1287 674 int.ermediet,sicnt
1299 602 1392 661 nodus
1407 602 1436 660 in
1446 601 1537 676 ligne,

409 721 486 797 qued
502 721 661 780 secundum
676 720 774 779 varias
788 725 887 797 partes
902 720 1019 780 densius
1034 725 1079 779 est
1093 723 1181 795 atque
1203 723 1309 795 rarius,
1324 723 1369 798 (l)
1382 723 1438 781 hee
1451 722 1533 799 ejus·

407 834 474 893 dem
487 832 674 893 continuitati
689 852 746 891 neu
760 833 992 910 praejudicante,
1004 833 1103 906 itaque
1113 850 1180 891 eum
1195 835 1319 912 vulgata
1329 835 1533 912 peripatetice·

407 969 473 1011 rum
489 951 613 1030 physica
627 968 684 1010 non
699 953 845 1013 constabit
858 953 1009 1026 mathesis
1022 970 1115 1029 neque
1130 973 1196 1015 enm
1207 953 1399 1031 mathesi,(2)
1413 951 1538 1033 physica

405 1073 467 1136 illa.
482 1075 566 1140 Quod
588 1076 613 1137 si
634 1076 786 1155 preprium
807 1079 919 1135 metum
946 1092 999 1152 per
1026 1075 1154 1152 seipsum
1182 1080 1385 1152 suamquemet
1405 1076 1536 1136 animam

406 1199 527 1259 habebit
549 1202 684 1259 astrum:
704 1200 769 1278 jam
784 1202 814 1258 et
828 1198 908 1258 iilius
932 1201 1032 1274 partes
1053 1197 1131 1256 linea
1155 1201 1237 1257 reeta
1260 1199 1385 1275 (nempe
1400 1197 1534 1273 ejusdem

405 1316 568 1400 diametro)
585 1318 763 1377 definientur
777 1335 929 1378 accessum
950 1318 1060 1377 habere
1084 1321 1114 1376 et
1127 1334 1275 1378 recessum
1290 1335 1309 1376 a
1330 1323 1442 1391 centro,
1457 1319 1536 1393 qnod

405 1444 450 1500 est
460 1458 478 1499 a
488 1441 687 1517 peripateticis
701 1443 745 1513 (ut
757 1456 823 1497 eum
833 1440 966 1497 Averree
976 1438 1116 1507 diximus)
1130 1437 1268 1498 alienum.
1277 1414 1439 1498 Praeterea
1450 1456 1536 1514 quae,

377 1601 385 1616 .
403 1562 634 1622 laboriosissime
651 1579 737 1633 urana,
753 1559 881 1619 stultitia
895 1561 1019 1630 liceant
1033 1562 1118 1622 malis
1134 1565 1200 1639 post
1210 1564 1256 1621 tot
1269 1563 1371 1621 turbas
1382 1562 1459 1620 hunc
1477 1578 1536 1619 mo·

404 1688 468 1744 tum
488 1685 569 1740 astro
591 1679 733 1751 tribuere,
755 1696 842 1754 quarn
864 1677 982 1738 unicum
1003 1679 1087 1739 illum
1108 1686 1232 1754 motum,
1254 1682 1304 1757 qui
1328 1680 1392 1741 sine
1413 1681 1534 1757 reliquis

404 1801 481 1874 aliis,
495 1804 558 1860 tum
573 1799 698 1869 ratione,
712 1802 775 1856 tum
791 1800 978 1871 naturatum
994 1798 1202 1875 supputatione
1215 1798 1356 1859 facillima
1371 1801 1532 1906 pensisterc

403 1927 501 2001 petest
512 1923 524 1980 i
537 1918 771 1999 praesertimque
792 1936 826 1976 eo
841 1921 871 1976 te
892 1917 994 1994 adigat
1009 1920 1192 1991 necessitas,
1215 1924 1451 2000 quandoquidem
1473 1941 1530 1983 nen

402 2046 469 2105 aliis
484 2043 537 2103 tibi
552 2043 588 2101 de
601 2039 699 2100 causis
712 2039 829 2098 conficti
844 2043 912 2098 sunt
926 2041 1022 2114 orbes,
1036 2048 1066 2102 et
1080 2044 1167 2103 orbes
1181 2044 1209 2103 in
1225 2044 1354 2118 orbibus,
1363 2046 1532 2120 eeecntriei‚

404 2155 548 2237 epieyeli‚
573 2151 732 2230 sphaeruli,
750 2151 860 2228 gyrnli,
874 2156 903 2209 et
914 2157 939 2210 si
960 2156 1011 2229 qui
1025 2173 1199 2217 succurrere
1220 2161 1344 2233 possunt
1359 2159 1429 2231 alii,
1446 2177 1482 2217 ne
1497 2177 1531 2218 a·

401 2282 495 2337 strum
509 2291 562 2350 per
582 2290 613 2331 se
628 2269 740 2329 moveri
754 2268 864 2344 iacias,
886 2273 937 2331 sed
959 2290 1026 2330 cum
1041 2273 1131 2333 coelo.
1152 2275 1219 2333 Jam
1236 2278 1303 2351 pest
1326 2277 1372 2334 tot
1392 2273 1478 2351 fugas
1500 2279 1531 2335 et

401 2416 494 2476 nugas
509 2396 593 2456 vides
608 2397 641 2452 ut
662 2394 780 2468 cogaris
806 2394 923 2452 stellam
945 2394 1095 2471 apropria
1116 2394 1226 2464 anima,
1248 2394 1458 2466 intrinsecove,
1480 2394 1527 2454 vel

403 2520 508 2579 saltem
523 2517 693 2576 immediate
714 2516 874 2575 adsistente
888 2514 1011 2586 moveri,
1023 2513 1099 2590 qued
1115 2513 1191 2572 sient
1204 2532 1269 2572 earn
1280 2515 1529 2591 potest‘inretare

402 2662 455 2703 cur
469 2663 526 2703 non
542 2641 645 2701 melius
660 2637 908 2699 circumvenere?
930 2637 999 2712 quid
1022 2637 1100 2695 enim
1121 2641 1267 2713 repugnat
1287 2635 1316 2693 in
1339 2635 1461 2711 spacio?
1483 2637 1529 2695 An

403 2781 460 2822 nen
482 2759 745 2820 sufficientissimas
760 2757 851 2815 habes
876 2756 1007 2815 rationes
1029 2770 1149 2812 asensu
1172 2758 1336 2828 naturaque
1356 2769 1456 2811 rerum
1478 2751 1530 2811 da·

400 2886 534 2960 sumptas
547 2926 555 2953 ,
570 2879 674 2955 quibus
695 2896 812 2955 perse,
832 2875 1081 2936 sinedifficultate
1102 2874 1184 2948 ulla,
1205 2877 1287 2934 astra
1308 2893 1365 2934 nen
1386 2874 1475 2934 aliter
1497 2894 1528 2936 se

402 3004 530 3066 habeant
545 3001 573 3058 in
590 2999 681 3071 coelo,
695 3002 883 3074 teneantque,
900 3014 988 3073 rpuam
1003 2996 1139 3055 similiter
1159 3002 1274 3056 astrum
1296 2997 1360 3070 hoc,
1375 2997 1453 3073 quod
1475 3016 1528 3058 nos

401 3127 564 3196 incolimus,
579 3121 689 3182 tellus?
704 3125 745 3181 nt
759 3138 835 3197 quae
850 3118 989 3189 rationes,
1011 3117 1108 3175 studio
1123 3134 1223 3174 errare
1244 3115 1357 3174 volenti
1378 3115 1528 3193 sophistae

399 3248 472 3309 satis
486 3246 596 3307 ernnti
609 3245 655 3304 eui
669 3261 725 3302 nen
741 3241 817 3317 qued
832 3238 879 3317 (3)
896 3236 970 3297 satis
985 3239 1131 3312 astatque
1146 3235 1200 3295 lux
1215 3234 1297 3307 Veri,
1318 3235 1369 3294 sed
1391 3235 1438 3293 vel
1460 3235 1529 3294 vin-

400 3367 533 3440 cere,vel
549 3364 739 3443 pertinaciter
752 3362 882 3432 haerere,
897 3358 946 3416 vel
960 3357 1073 3434 fugare,
1088 3356 1135 3414 vel
1151 3356 1320 3414 devinctum
1336 3359 1456 3415 tandem
1469 3357 1528 3415 im-

399 3488 526 3562 pertune
540 3499 644 3541 sensus
660 3497 761 3538 omnes
775 3478 932 3554 abnegare,
947 3479 977 3534 et
990 3490 1144 3550 erumpere
1166 3472 1196 3530 in
1210 3471 1292 3529 illud:
1308 3475 1340 3530 tu
1363 3489 1399 3530 ne
1420 3472 1526 3531 contra

397 3601 610 3666 Aristotelem?
625 3602 727 3658 contra
741 3596 863 3657 tantos?
878 3597 1021 3656 arirersus
1035 3591 1134 3654 taiesi
1150 3589 1230 3650 Malo
1247 3608 1313 3650 cum
1335 3589 1394 3651 iilis
1409 3608 1528 3667 errare,

398 3746 486 3805 quam
500 3725 665 3801 intelligere
680 3727 788 3783 tecum.

425 3925 454 3981 (l)
465 3926 549 3974 Questa
559 3922 648 3976 virgula
660 3935 738 3965 ruanea
748 3922 783 3964 nel
793 3926 857 3963 teste.

424 4018 455 4075 (⁶2)
468 4019 554 4066 Questa
564 4016 650 4070 virgula
661 4027 741 4059 manca
757 4015 792 4057 nel
801 4021 866 4058 testo.

424 4114 455 4172 (3)
464 4113 506 4165 Qui
517 4124 600 4157 aranea
609 4124 639 4155 un
649 4110 728 4165 verbe,
739 4122 808 4163 conce,
820 4122 842 4165 p.
855 4121 896 4161 cs,
905 4106 1019 4151 earnium.
