3442 5108
738 333 914 393 -234-

331 517 518 581 Dimensum
543 517 699 604 spacium,
722 517 805 602 quod
829 517 937 590 nisit,
961 515 1097 583 mundus
1120 516 1257 583 abesset.

334 648 408 713 Non
434 647 545 732 sugere
568 668 722 733 urgemur
745 648 886 732 spacium
910 645 1037 731 plenum
1062 645 1114 711 vel
1137 645 1239 720 inane,

335 777 532 842 Phantasiae
558 778 649 842 istius
673 777 811 841 devincti
836 793 966 840 carcere
989 774 1073 859 gyri,

337 907 408 982 Quo
431 915 577 974 extrema
601 929 620 972 a
643 907 745 972 medio
769 906 890 992 pariter
913 905 1033 971 distare
1058 902 1219 984 videntur,

334 1035 549 1120 Lampadibus
572 1055 701 1099 sensum
723 1034 796 1099 lixis
820 1033 957 1100 faciente
980 1033 1085 1099 diurni

336 1164 427 1229 Illius
451 1171 566 1242 motus,
591 1184 652 1249 quo
676 1165 796 1230 circum
821 1168 937 1229 cuncta
961 1169 1121 1238 rotantur,

336 1293 475 1358 Praeter
497 1294 646 1358 tellurem
668 1292 772 1358 media
796 1295 827 1356 in
852 1294 991 1359 statione
1008 1294 1056 1378 (l)
1081 1298 1272 1360 innuentem.

269 1399 272 1406 ¹
339 1424 497 1508 Quidquid
521 1424 633 1502 idest,
657 1422 775 1488 mundo
799 1425 939 1508 spacium
964 1422 1138 1489 concedere
1163 1426 1292 1508 oportet

337 1553 430 1627 Quod
453 1554 528 1618 moli
551 1556 684 1638 parsit,
708 1553 835 1618 sublata
858 1554 941 1618 mole
964 1573 1159 1638 manensque

338 1680 531 1757 &edideris
556 1680 702 1763 aliudque
726 1686 818 1765 putes
841 1681 1067 1766 comprendere
1090 1701 1182 1767 posse

338 1808 486 1892 Aequale
510 1808 585 1872 huic
607 1807 738 1889 munde,
762 1810 882 1893 positus
906 1811 932 1873 si
957 1811 1088 1876 cesserit
1113 1811 1182 1876 iste.

338 1939 440 2012 Quale
464 1940 564 2022 igitur
587 1938 739 2021 spacium,
763 1935 890 2003 sublato
913 1936 975 2002 lioc
998 1957 1134 2021 corpore
1157 1936 1277 2015 mundi,

335 2074 410 2138 Non
434 2073 518 2156 potis
541 2092 575 2135 es
599 2069 719 2155 sugere,
737 2070 819 2156 (dle
842 2070 960 2136 mundo
984 2073 1144 2155 inquimus
1167 2092 1236 2138 esse
1259 2091 1418 2138 seorsum.

338 2203 375 2268 ld
398 2204 425 2266 si
449 2203 506 2277 ita,
531 2201 614 2285 quod
638 2203 779 2285 spacium
804 2223 823 2266 a
847 2204 955 2286 spacio
979 2202 1149 2268 discrimen
1172 2204 1302 2272 habebit
1359 2224 1364 2231 '

340 2334 575 2414 Praeterquam
602 2333 677 2414 quia
701 2352 771 2397 sors
794 2331 868 2396 Fati
891 2332 937 2397 sic
959 2333 1069 2398 sanxit
1092 2332 1210 2416 iniqua,

337 2461 380 2526 Ut
397 2461 530 2524 nihilum
555 2461 697 2544 spacium
722 2460 877 2544 reliquum
901 2463 969 2525 sine
991 2460 1053 2526 fine
1077 2462 1237 2548 receptetl

338 2599 383 2665 nt
406 2617 505 2681 quare
529 2604 695 2662 aeternum
720 2599 785 2660 stat
808 2595 995 2660 contentiva
1018 2593 1154 2659 facultas

338 2727 445 2808 Atque
469 2724 532 2789 alia
557 2745 576 2788 a
600 2724 731 2808 proprio
757 2742 838 2806 quae
861 2742 924 2787 non
950 2724 1154 2807 cognoscitur
1176 2727 1259 2799 actu,

337 2856 371 2920 Si
394 2855 537 2920 aeternis
562 2859 653 2921 actus
676 2874 738 2918 non
765 2851 874 2920 differt
897 2860 993 2939 atque
1016 2857 1179 2940 potestas?

338 2985 436 3050 Forte
460 2984 660 3050 voluntatem
685 2987 735 3049 vis
759 2988 821 3051 ista
844 2994 957 3052 vetare
980 2989 1128 3067 Deorum,
1144 2992 1193 3076 (3)

336 3112 453 3196 [Jtpote
477 3120 613 3179 naturae
638 3113 748 3178 valeat
771 3133 852 3195 quae
876 3112 924 3199 (l)
948 3113 1101 3183 obsistere
1124 3121 1259 3186 rerum?

336 3246 413 3311 Cana
438 3266 515 3312 vere
542 3252 660 3310 natura
683 3265 795 3308 malms
819 3245 862 3309 sit
884 3246 1140 3328 cunctipotentis,
1168 3253 1216 3339 (5)

339 3378 405 3454 Vis,
431 3378 543 3457 Actus,
569 3377 674 3449 Italic,
699 3373 852 3449 Verbum,
876 3373 963 3450 VOX,
988 3374 1087 3449 Ordo,
1114 3379 1285 3448 Voluntas.
1311 3382 1359 3470 (o)

339 3514 486 3579 Naturae
510 3530 637 3575 cursum
661 3509 837 3592 quicunque
860 3524 939 3588 ergo
964 3505 1105 3588 impedit,
1131 3509 1184 3573 ille
1208 3518 1257 3578 est

337 3641 471 3716 llxcors,
497 3640 640 3713 insanus,
665 3632 864 3707 calomastix,
889 3631 1012 3714 impius,
1037 3633 1142 3710 exlex,

318 3827 348 3880 (1)
365 3826 381 3868 ll
390 3831 448 3869 testo
457 3824 497 3866 ha:
515 3823 648 3866 iactatione.

320 3925 352 3980 (ι’)
364 3926 448 3973 Quosta
458 3921 553 3975 rirgola,
564 3932 576 3960 c
586 3919 606 3960 le
616 3918 658 3959 dne
667 3913 794 3972 precedenti
802 3922 911 3954 manrano
922 3909 958 3952 nol
967 3917 1033 3953 testo.

323 4022 354 4074 (tt)
365 4021 383 4061 ll
393 4027 451 4063 testo
462 4019 490 4061 ha
500 4030 528 4059 nn
540 4014 705 4069 interrogativo,
717 4013 757 4054 clio
767 4010 795 4052 ho
806 4015 914 4064 [rasposto
929 4008 949 4050 in
963 4008 1004 4050 lino
1014 4009 1048 4050 del
1060 4022 1125 4051 verso
1134 4020 1252 4067 sequence,
1263 4017 1320 4061 (ιον.)
1329 4020 1342 4061 q
1353 4028 1413 4064 „Mo

293 4130 349 4173 pone
358 4117 456 4159 soltauto
466 4127 511 4158 una
520 4113 614 4167 virgeio.

318 4215 440 4266 (quaesto
451 4214 491 4256 ha:
502 4226 560 4266 qna.

320 4304 351 4355 (5)
363 4303 448 4351 Questa
457 4302 546 4356 virgola
555 4312 634 4344 inaura
648 4299 684 4342 uel
693 4304 756 4342 testo.

318 4397 349 4452 (6)
361 4398 377 4439 ll
386 4404 444 4441 testo
453 4397 482 4441 ha
491 4410 519 4440 uu
527 4395 692 4450 interrogativo.
