3442 5108
900 339 1078 399 -344-

460 477 607 564 Namque
630 479 725 544 navis
751 479 865 566 raptim
890 501 978 545 mare
1002 481 1054 548 ubi
1077 484 1273 568 percurrerit
1296 483 1406 561 altum,

462 614 558 680 Stare
580 617 715 700 putatur
738 615 765 678 ei
790 615 923 680 multum
947 617 1001 700 qni
1024 616 1122 683 distat
1144 617 1185 681 ab
1209 617 1273 693 illa,

463 744 665 829 Corporeque
687 745 805 830 exiguo
829 745 1031 831 reputabitur
1055 766 1144 825 esse;
1171 768 1227 812 nec
1251 748 1359 813 obstat

464 874 559 948 Quod
583 880 711 941 centum
733 878 864 962 propior
888 876 997 941 forsan
1022 875 1058 942 fit
1080 877 1236 961 passibus,
1262 877 1345 942 unde

465 1005 618 1070 Sensibus
643 1006 730 1070 haud
754 1006 844 1074 videt
867 1006 1025 1094 adjectum
1049 1026 1119 1071 esse
1143 1007 1282 1071 notabile
1306 1008 1484 1090 quicquam.

467 1133 619 1199 Attamen
645 1140 695 1200 est
716 1135 787 1199 axis
812 1136 898 1220 gyri,
922 1156 984 1220 quo
1008 1136 1123 1203 circuit
1147 1154 1220 1200 oras

468 1262 641 1328 Candentis
664 1263 748 1342 solis,
775 1266 927 1349 propians
951 1265 1021 1350 plus
1045 1271 1142 1349 atque
1167 1262 1328 1344 recedens,

470 1391 681 1460 Subtrahitur
708 1400 815 1461 tamen
839 1394 901 1461 hoc
924 1415 1059 1461 examen
1082 1391 1281 1460 differitatis:

471 1523 614 1587 Accessu
638 1523 792 1608 siquidem
816 1528 907 1590 tanto
925 1530 974 1591 est
998 1525 1149 1603 variatio,
1174 1528 1327 1607 quantam

470 1655 608 1720 Nonnisi
632 1657 758 1724 subtilis
783 1663 890 1743 captet
912 1660 1085 1726 meditatio.
1111 1660 1216 1723 Porro

471 1785 496 1849 F
499 1786 640 1850 initimos
663 1785 756 1850 nobis
783 1788 882 1852 solem
905 1788 1014 1853 lunam
1038 1795 1135 1873 atque
1158 1791 1305 1876 planetas

473 1910 640 1977 Communi
664 1933 810 1991 occursu,
835 1918 908 1999 quia
933 1937 1044 2003 nempe
1068 1919 1197 1986 admota
1221 1921 1361 1986 vicissim

473 2049 579 2132 Atque
596 2056 719 2116 remota
742 2051 859 2117 adsunt
882 2051 1062 2135 obsuntque
1085 2056 1251 2139 magisque
1274 2054 1449 2136 minusque,

474 2182 528 2248 Nil
556 2183 706 2268 prohibet
729 2205 854 2269 semper
870 2189 963 2250 varia
986 2185 1045 2250 sub
1069 2185 1150 2250 mole
1175 2185 1286 2249 videri.

476 2313 629 2379 Attamen
654 2314 819 2379 abscessus
842 2316 868 2379 si
892 2320 1002 2382 tantus
1026 2313 1084 2381 fiat
1106 2314 1147 2380 ab
1171 2316 1233 2380 ista

479 2442 674 2509 Mundorum
697 2445 832 2530 synodo,
858 2449 894 2512 ut
917 2451 1069 2512 tenuetur
1091 2445 1168 2510 solis
1190 2445 1297 2529 imago
1321 2443 1410 2521 haec,

477 2575 683 2658 Alteriusque
708 2576 769 2641 siet
792 2577 901 2661 magni
923 2576 1108 2660 praesentia
1130 2573 1224 2651 solis3

479 2705 570 2769 Tunc
593 2725 672 2790 opus
695 2712 745 2772 est
767 2705 879 2771 faciem
903 2713 1070 2772 errantum
1098 2706 1214 2770 horum
1245 2726 1315 2770 esse
1339 2711 1555 2790 peremptam,

479 2833 729 2919 Consimilesque
754 2837 834 2899 alias
850 2836 938 2899 illum
965 2856 1160 2919 consurgere
1183 2837 1288 2899 circa:

481 2969 744 3054 Quandoquidem
769 2975 818 3035 est
842 2969 953 3034 eadem
969 2968 1150 3035 coeunt'um
1168 2967 1216 3054 (l)
1240 2967 1468 3052 principiorum

420 3179 427 3191 .
480 3100 628 3169 Conditio
652 3122 794 3188 prorsus,
819 3101 940 3168 fuerint
965 3102 1144 3185 ubicunque
1168 3107 1305 3187 reposta.

480 3237 564 3302 Nam
588 3234 627 3300 de
650 3254 714 3299 uno
741 3254 779 3300 ac
803 3235 894 3299 simili
918 3234 1019 3298 simile
1043 3254 1080 3298 ac
1105 3253 1204 3298 unum
1227 3253 1296 3297 esse
1321 3231 1477 3311 videmus,

481 3365 624 3448 Cumque
647 3366 712 3430 suis
737 3383 862 3449 semper
886 3368 1034 3430 constant
1057 3364 1220 3429 contraria
1236 3362 1362 3447 ubique.
1391 3412 1395 3426 .

482 3494 642 3569 Quocirca
665 3492 748 3558 fixos
772 3493 950 3578 ubicunque
974 3500 1023 3560 est
1046 3515 1175 3559 cernere
1198 3495 1280 3558 soles

483 3623 538 3691 Isti
561 3642 754 3707 congeneos,
780 3642 859 3707 opus
883 3628 932 3688 est
955 3642 1080 3706 quoque
1103 3622 1234 3688 credere
1258 3621 1349 3688 firme

484 3755 669 3823 Consimiles
692 3755 783 3820 illum
806 3755 891 3820 circa
914 3753 1094 3818 discurrere
1119 3752 1289 3837 nymphas,

484 3893 573 3968 Quas
596 3911 661 3958 non
686 3892 756 3977 plus
780 3891 855 3956 hinc
878 3889 1026 3976 aspicias,
1050 3906 1242 3971 quamquam
1267 3886 1317 3973 (2)
1341 3886 1414 3951 inde
1439 3885 1540 3950 videri

484 4023 555 4088 Hae
578 4024 710 4108 possint,
734 4040 816 4104 quae
839 4023 915 4086 sunt
936 4019 982 4084 ita
1005 4016 1076 4082 luce
1100 4022 1133 4084 et
1155 4012 1242 4080 mole'
1261 4016 1410 4080 minores.

466 4259 499 4313 (l)
515 4259 540 4300 12’
548 4257 575 4300 ho
589 4256 666 4299 scritto
681 4254 736 4309 cosi,
751 4267 791 4311 per
805 4260 914 4297 mostrare
928 4251 970 4296 cha
983 4258 1020 4295 sta
1034 4251 1229 4307 permeantium.
1246 4249 1262 4292 ll
1277 4257 1336 4293 testo
1352 4249 1381 4291 ha
1396 4254 1530 4292 coclearum.

468 4358 499 4415 (2)
511 4358 528 4400 ll
538 4362 597 4401 testo
606 4355 642 4399 hu:
655 4366 749 4411 quaatq.
