3442 5108
761 341 939 403 -356-

298 483 401 542 definit
416 482 656 544 contrarietatem
670 486 789 565 proprie
811 488 920 546 dictam
935 489 985 548 sed
1000 487 1178 565 improprie,
1199 486 1418 563 metaphorice,

295 603 545 679 archipodialiter,
557 605 752 678 nominaliter,
765 608 1036 685 suppositionaliter
1047 613 1077 669 et
1092 609 1351 686 quomodocunque
1364 606 1419 665 ali·

296 726 351 782 ter.
366 719 433 781 Alia
447 741 519 783 vero
533 729 578 783 cst
593 725 729 802 physica:
745 731 775 785 et
789 727 861 785 haec
876 733 921 787 est
936 746 988 805 per
1002 727 1270 799 semidiametrum;
1285 742 1344 801 qua
1358 726 1419 783 soi-

295 843 366 903 licea
386 848 519 903 centrum
540 846 669 904 maxime
690 846 801 906 distare
824 846 1015 924 intelligimus
1035 866 1053 907 a
1072 845 1318 918 circumferentia,
1332 851 1362 905 et
1376 845 1420 904 ita

294 963 450 1042 (quidquid
468 963 507 1023 sit
521 965 557 1023 de
571 965 623 1023 illa
637 968 852 1026 contrariorum
867 967 1038 1028 defiuitione
1052 985 1140 1044 quam
1155 967 1187 1025 in
1201 966 1354 1044 proposito
1369 983 1419 1024 ra-

293 1087 356 1144 tam
368 1103 433 1144 esse
447 1084 595 1164 nolumus)
616 1104 634 1145 a
648 1087 755 1146 circulo
771 1090 798 1146 A
812 1089 836 1147 Ε
849 1089 874 1147 F
887 1087 912 1145 G
928 1089 1056 1148 maxime
1070 1088 1160 1146 distat
1175 1093 1307 1147 centrum
1322 1085 1344 1144 G
1359 1132 1367 1158 ,
1389 1090 1420 1146 et

295 1206 436 1266 acirculo
450 1206 476 1264 D
492 1207 505 1265 l
519 1207 543 1264 B
563 1207 590 1266 H
605 1209 787 1267 eonceutrieo
809 1208 937 1267 manime
960 1209 1051 1269 distat
1065 1213 1197 1268 centrum
1219 1208 1295 1266 idem
1311 1207 1342 1268 C.
1360 1207 1419 1266 Sed

296 1333 365 1408 quid
378 1331 425 1391 hic
439 1334 523 1404 lates,
536 1350 553 1390 o
568 1333 741 1406 miserrime,
753 1335 829 1392 unde
845 1335 957 1393 nullum
971 1333 1024 1393 tibi
1041 1332 1168 1408 amplius
1181 1334 1292 1409 pateat,
1305 1331 1330 1389 si
1345 1349 1421 1389 corn-

296 1451 495 1526 prehendaris,
516 1451 656 1528 effugium
669 1453 680 1509 ‘l
696 1453 748 1511 Dio
763 1451 844 1509 milri:
859 1453 888 1510 in
903 1455 1010 1528 puncto
1026 1450 1048 1509 0
1065 1456 1165 1509 centro
1180 1449 1289 1525 friges?
1303 1449 1422 1525 Frigeo.

297 1572 389 1632 Immo
401 1575 466 1632 heic
476 1578 506 1633 te
518 1576 546 1633 in
558 1592 674 1646 saxum,
686 1573 767 1649 quasi
777 1573 914 1649 Gorgone
927 1573 1000 1645 visa,
1014 1576 1244 1631 transmutatum
1256 1570 1351 1629 video.
1363 1572 1421 1631 Uu-

297 1695 342 1768 de,
355 1704 493 1772 tanquam
508 1695 593 1755 atibi
609 1698 767 1768 contrario,
782 1695 910 1754 manime
922 1695 1030 1755 distasl
1042 1693 1185 1753 anetl
1200 1694 1315 1772 punctis
1326 1693 1424 1770 aequi-

296 1817 429 1876 noctialis
443 1818 554 1890 circuli,
569 1817 617 1894 qui
632 1818 662 1875 in
677 1817 915 1875 circumferentia
927 1816 1040 1876 telluris
1051 1818 1088 1875 ab
1100 1819 1127 1875 Α
1138 1820 1169 1875 et
1183 1815 1207 1875 F
1219 1813 1425 1890 aequinoctia·

297 1936 374 1995 libus
389 1936 505 2014 punctis
520 1954 571 1996 seu
587 1942 650 1996 tota
664 1936 800 1995 circulari
817 1937 894 1994 linea
907 1952 981 2010 quae
995 1940 1042 1994 est
1056 1935 1086 1993 in
1102 1932 1339 1992 circumferentia
1352 1949 1423 1990 con-

298 2060 435 2119 cavitatis
449 2058 560 2118 lunaris
575 2058 662 2118 orbis.
680 2057 808 2129 Periisti,
822 2056 921 2116 miser.
944 2055 1083 2131 Nunquid
1106 2055 1162 2113 hoc
1175 2059 1309 2112 centrum
1329 2052 1423 2128 magis

299 2185 389 2244 distat
401 2202 418 2242 a
429 2183 544 2260 frigidis
557 2202 681 2260 magnae
692 2182 944 2242 circumferentiae
959 2183 1073 2241 duobus
1088 2177 1362 2258 punctusque
1375 2177 1423 2237 fri·

298 2303 375 2379 gidis
389 2303 455 2362 aliis
464 2304 576 2362 duobus
587 2302 736 2380 polaribus
747 2303 783 2361 de
795 2300 1029 2362 circumferentia
1040 2299 1154 2358 telluris
1167 2299 1190 2358 B
1203 2304 1232 2360 et
1244 2299 1284 2358 Di
1294 2297 1354 2358 Cur
1365 2317 1422 2359 uon

298 2423 442 2500 majorem
452 2424 622 2483 distantiam
631 2440 695 2482 eam
704 2440 777 2498 quae
788 2427 833 2480 est
841 2419 891 2480 Aa
900 2418 1108 2478 semidiametri
1117 2419 1285 2495 accipis,vel
1296 2419 1360 2478 heic
1371 2419 1424 2478 AB

300 2552 330 2607 et
341 2546 404 2618 AD,
417 2546 465 2603 vel
480 2544 517 2603 ibi
532 2543 586 2603 AG
602 2549 631 2603 et
643 2543 710 2602 aut
725 2542 861 2614 Proinde,
876 2559 966 2617 quare
981 2539 1033 2599 tibi
1049 2544 1183 2599 centrum
1198 2539 1276 2615 quod
1292 2539 1425 2598 omnium

299 2660 585 2721 semidiametrorum
606 2665 652 2719 est
665 2659 825 2718 communis
840 2658 992 2729 terminus,
1010 2661 1040 2716 et
1061 2655 1091 2713 in
1113 2655 1191 2730 quod
1213 2657 1425 2729 consequenter

300 2779 430 2840 influxus
444 2798 545 2840 omnes
559 2779 678 2840 virtutis
693 2780 825 2840 coelestis
839 2780 1012 2850 incurrunt,
1029 2778 1125 2855 potius
1140 2775 1228 2834 unius
1243 2791 1330 2851 quam
1346 2773 1423 2833 alte·

300 2899 362 2960 rius
372 2901 511 2960 contrarii
523 2904 608 2972 estet
619 2918 675 2958 non
688 2899 817 2958 omnium
831 2917 883 2976 pro
894 2895 1097 2957 convenientia
1111 2894 1257 2966 simul,vel
1272 2893 1422 2952 nullorum

299 3038 353 3097 pro
367 3017 561 3078 indifferentia
574 3018 611 3076 ad
626 3037 725 3078 omnes
739 3020 797 3077 erit
810 3018 993 3095 subjectum,
1014 3017 1231 3094 receptaculum
1245 3060 1251 3087 ,
1273 3018 1303 3074 at
1317 3015 1424 3073 termi-

301 3136 380 3195 nusf
394 3137 425 3194 Si
440 3155 458 3194 a
471 3136 543 3195 coeli
558 3134 706 3215 (inquam)
720 3136 830 3195 latione
845 3137 1030 3214 imprimente
1052 3136 1181 3194 calorem
1201 3140 1289 3210 atque
1304 3131 1422 3209 frigus,

302 3258 463 3318 intensione
476 3259 523 3318 vel
534 3260 704 3318 remissione
718 3279 771 3336 per
789 3260 834 3319 sui
852 3265 950 3321 motus
962 3267 991 3321 et
1005 3262 1192 3321 velocitatem
1213 3260 1420 3337 rapiditatem·

301 3397 358 3456 que
373 3380 525 3456 majorem,
538 3381 585 3439 vel
596 3381 756 3456 minorem,
772 3385 820 3444 vel
834 3385 996 3458 minimam,
1017 3386 1065 3444 vel
1079 3385 1206 3458 nullam,
1229 3403 1331 3463 nempe
1346 3402 1421 3461 quae

301 3505 348 3560 est
361 3501 520 3560 secundum
536 3501 716 3561 differentias
732 3503 910 3565 circulorum
925 3507 973 3582 qui
989 3506 1174 3583 accipiuntur
1188 3508 1224 3565 ab
1239 3508 1265 3565 A
1280 3524 1373 3583 usque
1393 3507 1424 3564 in

303 3617 338 3690 E,
360 3624 389 3678 et
409 3619 468 3678 illis
489 3620 696 3695 parallelorum
714 3627 763 3698 qui
777 3624 960 3700 accipiuntur
981 3626 1017 3684 ab
1033 3628 1060 3684 A
1075 3644 1166 3702 usque
1182 3626 1211 3684 in
1223 3625 1268 3699 G,
1291 3645 1329 3686 au
1350 3644 1421 3685 cen-

303 3748 382 3804 trum
398 3742 420 3803 C
436 3744 488 3802 tibi
504 3761 560 3802 non
576 3744 693 3802 videtur
707 3745 745 3802 ab
759 3744 895 3803 omnibus
910 3745 1150 3822 impressionibus
1164 3754 1254 3824 atque
1268 3751 1362 3810 causis
1377 3767 1424 3809 ae-

305 3884 360 3942 que
374 3868 484 3926 distare
499 3869 511 3926 f
532 3868 578 3926 Ad
593 3868 652 3926 alia
666 3867 783 3945 quippe,
806 3886 879 3944 quae
894 3875 963 3928 sunt
979 3876 1063 3928 extra
1080 3878 1223 3945 centrum,
1237 3873 1336 3931 omnia
1350 3873 1428 3932 duae

301 3997 416 4052 tantum
432 3995 554 4068 possunt
575 4008 639 4051 esse
660 3992 797 4067 aequales
818 4011 836 4051 a
857 3991 1094 4051 circumferentia
1115 3995 1218 4067 lineae,
1234 4001 1263 4054 et
1287 3995 1353 4053 ideo
1369 3996 1426 4054 ali·

303 4115 351 4170 ter
366 4114 455 4184 atque
469 4109 557 4169 aliter
571 4128 609 4170 cx
624 4107 690 4167 aliis
704 4113 792 4185 atque
807 4109 872 4168 aliis
887 4109 1140 4169 circumferentiae
1163 4113 1295 4187 partibus
1317 4130 1348 4170 se
1370 4114 1426 4171 ha·

305 4231 414 4291 bebunt
429 4230 533 4291 omnia:
551 4231 586 4289 ad
602 4235 735 4288 centrum
748 4248 819 4288 vero
834 4230 932 4289 omnia
946 4230 1072 4305 undique
1087 4229 1202 4304 similia,
1212 4249 1288 4306 quae
1304 4249 1356 4308 per
1370 4249 1425 4310 pa-

305 4348 424 4418 rallelos
439 4349 565 4411 circulos
577 4349 811 4429 capiuntur.lllic
826 4367 896 4428 ergo
911 4353 994 4410 reeta
1006 4349 1100 4411 omnis
1114 4349 1246 4413 coelestis
1261 4355 1291 4410 et
1307 4368 1424 4429 quomo·
