3442 5108
663 328 842 389 -281-

232 517 354 603 Nempe
376 515 547 592 infinitum,
574 515 670 581 finitis
694 512 852 599 partibus,
877 512 974 578 infert

234 646 357 733 Corpus
380 649 414 712 in
437 654 606 714 externum
630 649 777 731 propriae
802 644 943 728 vestigia
966 641 1099 716 formae,

236 776 334 848 Queis
358 796 377 839 a
401 773 492 842 finito
516 773 679 840 interdum
702 773 863 848 vincatur,
888 774 921 835 et
946 770 1033 835 uitro

234 895 358 963 Contra
380 904 482 972 stans,
495 898 578 962 serie
601 916 728 981 semper
749 902 901 963 servetur
924 896 1046 962 eadem.

234 1023 283 1088 Illi
305 1022 465 1089 infinitum
489 1043 577 1089 nora
599 1023 722 1088 fercula
746 1043 882 1108 namque
906 1023 1068 1089 ministrat

235 1149 411 1234 Perpetu0,
436 1158 468 1217 et
491 1158 646 1236 quantum
670 1153 718 1217 vis
743 1154 886 1236 corporis
909 1153 1013 1236 egerit
1035 1151 1131 1238 hujus

236 1279 375 1346 'i'antum
403 1282 600 1367 suppeditat;
625 1284 699 1365 quia
722 1284 857 1366 spissum
880 1281 998 1346 fortius
1023 1278 1107 1346 istud

235 1406 353 1473 lunata
376 1429 500 1493 semper
521 1416 665 1475 remanet
688 1411 810 1476 virtute
833 1409 946 1474 tenaci.

235 1536 359 1601 Ambae
383 1538 458 1603 hinc
482 1540 662 1605 consistunt
687 1542 819 1623 species:
843 1538 964 1604 isthaec
987 1538 1062 1622 quia
1084 1538 1219 1604 vincens

237 1670 366 1758 Egestis
389 1673 530 1758 gaudet;
555 1675 679 1740 lucrum
698 1676 892 1762 jacturaque
916 1697 975 1761 par
998 1682 1081 1743 sunt:

235 1800 297 1865 Illa
320 1803 417 1867 etiam
441 1823 566 1889 semper
590 1808 715 1870 tantum
740 1806 952 1881 instauratur,
979 1810 1012 1872 et
1037 1805 1136 1869 ullam

238 1934 404 2001 Jacturam
428 1938 557 2001 minime
580 1938 724 2018 incurrit,
750 1939 825 2021 quia
847 1935 1064 2021 suppeditabit

237 2061 280 2127 Et
303 2063 387 2146 quod
410 2070 525 2130 contra
548 2074 639 2129 stans
663 2066 794 2149 carpsit,
815 2064 890 2128 dum
914 2064 1017 2149 carpit
1038 2069 1072 2130 et
1094 2063 1191 2129 ultra.

237 2197 392 2282 Egestum
414 2200 560 2284 proprias
584 2201 654 2264 ideo
678 2201 831 2285 sedesque
856 2201 980 2278 revisit,

238 2326 358 2392 Indolis
381 2330 532 2409 antiquae
557 2330 693 2412 speciem
718 2329 908 2411 noviterque
931 2331 1074 2407 resumit,

239 2454 302 2521 Seu
326 2475 368 2519 ex
391 2454 482 2521 finito
505 2457 548 2521 sit
571 2475 712 2541 corpore,
738 2478 794 2521 seu
817 2460 885 2522 sine
908 2457 980 2524 fine.

239 2583 402 2650 Imbeliem
425 2584 541 2651 imbelli
566 2586 695 2653 imbellis
718 2590 843 2654 ratione
867 2592 996 2669 refutat,

240 2711 341 2786 Quem
368 2712 471 2778 laudis
495 2713 605 2792 falsae,
631 2736 694 2780 non
719 2719 788 2782 reri
812 2739 891 2784 cura
914 2721 1031 2788 refixit.

237 2965 314 3029 Heia
328 2971 398 3027 sunt
411 2970 550 3045 pleraque
564 2971 638 3028 bene
656 2971 749 3030 allata
763 2975 793 3029 et
804 2970 912 3047 optime
926 2968 1045 3042 babent,
1054 2970 1077 3029 si
1089 2970 1205 3049 dignius
1219 2974 1314 3051 appli-

194 3098 299 3154 centur
312 3095 349 3153 ad
362 3093 667 3171 propositum,nempe
682 3113 782 3153 eorum
798 3095 845 3170 qui
861 3093 1171 3173 infinitampotentiam
1186 3098 1319 3159 referunt

195 3215 234 3275 ed
248 3220 347 3273 actum
362 3213 498 3286 finitum,
513 3217 544 3272 et
558 3214 672 3273 finitum
697 3214 831 3273 eflectum
846 3214 978 3274 infinitae
991 3216 1116 3293 seipsam
1140 3217 1320 3277 moderantis

195 3338 342 3399 efficaciae
356 3337 535 3415 praedicant.
551 3339 597 3395 An
613 3355 669 3394 non
685 3337 781 3412 aptius
797 3335 934 3394 Timaeus
948 3335 1063 3394 finitum
1078 3354 1212 3396 asserens
1233 3354 1320 3394 mun-

196 3459 266 3518 dum
288 3457 453 3516 aseeundis
470 3455 657 3528 numinibus,
673 3454 816 3514 altissimo
838 3453 1035 3532 praecipiente
1059 3454 1195 3529 numine,
1211 3457 1321 3533 produ-

196 3582 286 3651 ctum,
303 3577 415 3635 veritus
432 3593 468 3633 ne
483 3575 580 3634 minus
596 3574 712 3633 effectui
728 3573 955 3648 inadaequatam
966 3592 1084 3633 causam
1096 3575 1319 3653 impertinenter

196 3697 357 3759 adduceret
370 3695 382 3753 i
397 3695 444 3774 (l)

237 3817 309 3878 Heic
323 3815 447 3876 ulterius
463 3819 506 3874 est
519 3815 731 3874 advertendum
746 3818 779 3874 ut
793 3815 830 3871 ab
841 3813 919 3871 omni
930 3830 1052 3889 corpore
1064 3813 1215 3874 extensive
1225 3813 1319 3875 virtus

197 3942 400 4023 profundatur,
415 3958 472 3999 non
487 3940 640 4010 intensive,
656 3940 723 4013 quia
737 3938 813 3996 sieut
827 3938 875 3997 ubi
890 3955 957 4014 pars
974 3953 1030 3995 una
1045 3937 1176 4013 corporis
1190 3944 1258 4009 est,
1279 3938 1319 3996 ibi

198 4085 255 4128 nen
270 4076 316 4125 est
329 4064 396 4133 alim
411 4064 452 4123 ita
464 4065 539 4122 unde
555 4081 622 4139 pars
639 4081 696 4121 una
709 4061 838 4139 eorporis
850 4063 921 4139 agit,
934 4083 991 4122 non
1004 4063 1068 4139 agit
1082 4062 1149 4123 alia:
1164 4082 1235 4140 ergo
1249 4064 1319 4123 licet

199 4190 326 4267 ponatur
339 4203 423 4244 casus
436 4189 467 4243 ut
482 4185 539 4243 duo
554 4183 669 4242 infinita
683 4201 805 4261 corpora
817 4190 993 4244 concurrant
1006 4184 1035 4243 in
1048 4201 1138 4244 uuum
1154 4186 1321 4259 terminum,

226 4422 258 4483 tl)
272 4422 463 4481 L'iuterregatire
472 4435 551 4469 manca
560 4421 596 4465 uel
607 4428 673 4466 testo.
