3442 5108
790 335 970 395 ..227-

353 530 510 611 Qneisqne
534 547 588 611 per
613 528 799 588 immensum
823 525 962 608 spacium
988 527 1089 588 totum
1115 522 1258 586 insinuat
1282 543 1317 586 se

351 662 489 744 Spiritus
513 660 565 723 hic
588 658 721 742 simplex
746 656 866 720 inlusus
891 659 977 718 totus
1004 648 1141 743 ubique?

351 789 468 864 Quare,
493 790 633 871 inquam,
659 785 706 872 (l)
730 786 774 848 sio
798 791 839 858 te,
864 782 996 847 confuso
1022 780 1253 856 nominemus,

353 928 486 993 Sumere
512 931 659 989 naturam
684 922 824 987 divinam
849 919 945 984 stulte
970 917 1123 992 videmus

357 1057 461 1129 Quam
486 1057 609 1120 ratione
637 1056 698 1119 alia
721 1056 785 1119 scio
810 1053 904 1117 linem
929 1052 1181 1137 principiumque

348 1184 388 1248 Et
412 1184 549 1248 medinm
573 1189 605 1247 et
628 1187 783 1260 centrum,
808 1189 840 1247 et
866 1186 969 1247 totum
994 1185 1183 1246 constanter
1200 1177 1339 1261 ubique?

348 1309 475 1374 Erectis
502 1309 678 1373 misermule
701 1311 798 1374 etiam
823 1307 862 1372 ad
886 1328 983 1391 quam
1007 1307 1152 1392 confugis
1177 1327 1278 1380 uram;

349 1440 493 1520 Namque
516 1445 611 1504 extra
635 1439 683 1522 (2)
708 1436 858 1501 mundum
882 1437 1064 1501 discrimine
1089 1443 1179 1519 posta
1203 1436 1298 1500 locati

347 1569 474 1632 Natura
497 1573 546 1633 est
569 1566 691 1639 illrum,
716 1565 741 1626 si
769 1563 811 1628 ibi
835 1565 934 1648 spacii
960 1564 1115 1646 vacuique

347 1697 471 1781 elbjecti
497 1697 621 1761 vicibus
644 1696 803 1778 supplens,
827 1696 1044 1760 conterminat
1068 1695 1139 1760 inde

347 1825 499 1910 Corporis
523 1832 556 1890 et
580 1829 676 1909 spacii
700 1833 732 1890 et
755 1821 846 1890 faciei
872 1844 1001 1890 munere
1026 1825 1165 1903 functus,

346 1957 463 2041 Nempe
487 1966 596 2021 manet
618 1957 759 2039 spacium
783 1954 909 2020 sublato
934 1955 1060 2017 nomine
1086 1973 1177 2017 vere.

345 2082 422 2146 Esse
445 2083 539 2147 ileum
564 2083 633 2146 lieic
657 2080 743 2147 intus
767 2081 902 2164 qullvis,
926 2089 1083 2164 extraque
1102 2079 1239 2166 jubebis,

347 2210 476 2276 Natura
501 2212 627 2276 occulta
651 2212 704 2293 qui
728 2230 856 2273 sensum
880 2220 1013 2274 excuset
1037 2211 1189 2294 ineptum,

345 2339 461 2402 (Jlnmia
485 2360 595 2423 nempe
622 2348 741 2422 potens.
768 2338 980 2402 Nihilominus
1005 2358 1116 2422 urgeo,
1141 2341 1166 2403 si
1193 2342 1241 2404 vis

348 2467 554 2550 ltesponilere
580 2485 711 2529 manens
735 2470 895 2530 sacratam
920 2471 1007 2530 tutus
1031 2467 1070 2530 ad
1095 2487 1194 2532 aram.
1212 2468 1260 2554 (3)

343 2594 406 2657 Dic:
433 2592 480 2677 (l)
505 2593 660 2676 Epicureo
684 2593 709 2655 si
733 2592 783 2654 cui
808 2611 994 2674 percurrere
1019 2592 1058 2655 ad
1084 2611 1159 2657 oras

342 2720 512 2784 Extremas
536 2719 639 2790 liceat.
667 2719 829 2782 volucrem
848 2719 1011 2803 jaciatque
1037 2721 1191 2803 sagittam

342 2846 488 2928 Margine
513 2845 552 2907 ab
577 2851 731 2919 extrema,
757 2865 861 2908 nonne
885 2845 924 2908 ad
948 2852 1084 2911 externa
1108 2846 1253 2913 feretur?

341 2971 469 3037 Scilicet
494 2973 666 3037 intorctum
692 2973 809 3036 ralirlis
838 2993 894 3056 pro
922 2973 1040 3036 viribus
1066 2973 1131 3046 ibit,

322 3171 351 3222 (l)
361 3170 393 3211 llo
403 3169 482 3210 clrinso
494 3171 590 3221 inquom
602 3177 636 3211 lrn
647 3173 689 3213 nuo
701 3170 786 3219 virgole
797 3172 1010 3224 pernrostrare,elre
1020 3173 1078 3226 quill
1089 3174 1161 3215 Brimo
1172 3173 1273 3226 risponde
1282 3185 1323 3216 con
1332 3187 1377 3216 una
1385 3177 1420 3218 in·

295 3264 446 3316 terrogaziene
462 3262 507 3303 alla
524 3263 698 3315 interrogacione
716 3264 855 3317 precedente,
866 3266 901 3305 cli'
910 3268 922 3303 e
932 3278 976 3307 unu
986 3266 1112 3309 eumenem
1128 3276 1191 3323 posta
1210 3270 1231 3311 iu
1247 3269 1317 3312 bocca
1328 3272 1356 3312 ml
1369 3273 1419 3313 Ari·

295 3359 378 3400 nonu.

321 3456 351 3508 (2')
368 3455 382 3495 ll
394 3462 450 3496 msto
462 3454 500 3496 lm:
512 3462 613 3497 exeram.

321 3548 351 3599 (sl
367 3549 405 3590 Nol
416 3556 473 3589 resto
483 3561 561 3591 rnanra
571 3549 584 3590 il
597 3556 670 3604 punto.

321 3645 351 3696 (l)
368 3646 406 3686 Nol
417 3653 474 3687 asro
495 3658 604 3686 maurane
614 3645 671 3686 idne
682 3646 801 3700 puntiehe
811 3659 864 3687 sono
874 3647 1022 3689 necessariae
1033 3648 1144 3690 imernlero
1156 3649 1168 3690 il
1179 3662 1251 3691 senso.
1263 3650 1306 3697 Qui
1316 3649 1389 3691 allude
1403 3662 1416 3691 n

294 3737 405 3786 Lucretio,
417 3750 431 3778 a
440 3738 477 3778 cui
488 3737 615 3791 appartiene
630 3737 725 3792 l'ipotesi
737 3736 820 3779 rit-erim
835 3738 870 3780 (lul
881 3739 960 3781 Bruno.
974 3740 1125 3791 Ecco,1lifuni
1153 3742 1159 3782 i
1171 3742 1228 3783 versi
1245 3742 1367 3786 lurrezinni.
1384 3743 1417 3783 nel

294 3833 310 3872 l.
322 3833 358 3874 liu.
372 3836 405 3875 ue
416 3836 470 3875 Nat.
481 3844 569 3874 remon.

480 3945 490 3964 ‹
506 3930 634 3979 Praeterea,
645 3929 719 3983 sijum
732 3928 815 3970 linitum
826 3929 974 3971 constituatur

503 4022 573 4060 (tiriae
583 4019 639 4073 qnod
651 4031 685 4063 ost
695 4021 796 4075 spatium:
814 4023 835 4064 al
846 4023 893 4077 quis
904 4028 1020 4076 procurrat
1030 4021 1058 4063 au
1068 4034 1119 4064 oros

503 4113 594 4153 Ultimus
604 4121 723 4163 extremas,
733 4114 847 4169 jaciatque
858 4114 947 4156 volatile
958 4115 1038 4157 telum:

502 4205 524 4244 lrl
536 4205 592 4245 sallrl
602 4218 612 4243 s
622 4215 693 4247 mrum
703 4215 827 4248 contortum
839 4207 920 4248 virinus
930 4207 970 4257 iro,

499 4301 547 4343 Quo
558 4297 622 4340 serit
631 4301 718 4341 missum
728 4301 807 4349 ruanis,
819 4300 928 4356 longeque
938 4300 1022 4343 volare:

502 4395 533 4433 An
544 4393 657 4447 prohibere
666 4397 745 4450 aliquid
757 4409 840 4447 consm,
851 4397 983 4451 obscureque
995 4398 1072 4452 pessel
1086 4415 1097 4436 ι
