3442 5108
765 351 807 367 ..
827 310 869 381 16·
884 352 934 369 ...

291 538 364 600 soa,
379 510 565 600 Naturali,
580 510 627 586 ad
642 507 768 585 omnia
782 533 877 610 quae
892 506 1031 584 suntin
1046 508 1151 585 nobis
1167 512 1206 585 et
1221 509 1320 586 circa
1334 528 1416 603 noa,

291 637 440 730 Divino,
470 637 517 713 ad
546 634 718 711 ultimum
745 634 857 709 finem
884 638 921 709 ct
939 632 1101 734 primum
1117 630 1338 710 efficientem
1353 636 1417 736 qui

291 767 349 840 est
379 788 491 865 supra
520 785 599 838 nos.
624 759 827 861 Septimam
842 784 915 860 qua
929 763 1129 859 captantur
1143 760 1309 837 rationes
1326 761 1416 838 uni-

292 903 499 981 versorum,
529 912 623 989 quae
643 889 741 977 sunt,
761 885 941 988 principia
968 889 1006 961 et
1021 911 1174 975 causae,
1190 890 1271 963 tum
1285 912 1413 964 rerum

291 1014 469 1108 omnium,
498 1019 578 1090 tum
607 1017 643 1091 et
671 1013 790 1089 omnis
805 1011 1039 1113 cognitionis
1060 1037 1154 1112 quae
1174 1017 1232 1089 cst
1246 1015 1292 1089 ab
1309 1014 1415 1107 ideis,

292 1140 509 1217 substantiis
527 1137 721 1240 separatis
731 1141 769 1212 et
782 1136 973 1212 absolutis
986 1136 1105 1237 Super
1114 1136 1217 1212 hisce
1233 1136 1415 1215 columnis

291 1271 433 1366 septem
460 1265 644 1366 sapientia
671 1263 882 1339 aedificavit
909 1261 979 1337 sibi
1008 1262 1160 1338 domum
1200 1263 1297 1340 inter
1334 1264 1407 1341 ho-

292 1389 420 1464 mines
713 1377 716 1383 ’

347 1512 451 1595 Quae
466 1513 608 1600 (lomus,
620 1509 650 1584 si
665 1510 712 1584 ad
727 1508 944 1584 memoriam
954 1507 1149 1584 hominum
1159 1509 1415 1609 respiciamus,

292 1637 412 1738 primo
441 1636 612 1738 apparuit
640 1633 735 1735 apud
764 1632 982 1734 Aegyptios,
1007 1638 1045 1708 ct
1060 1634 1234 1735 Assyrios
1250 1635 1288 1709 in
1305 1634 1416 1711 Chal·

293 1764 405 1839 daeis
428 1761 597 1837 Secundo
625 1760 723 1860 apud
741 1760 890 1850 Persas
911 1759 948 1833 in
968 1758 1102 1860 Magis,
1119 1761 1187 1835 sub
1203 1761 1411 1837 Zoroastre.

294 1888 420 1963 'l'ertio
435 1888 532 1988 apud
543 1885 663 1975 Indos,
678 1885 716 1959 in
732 1884 1057 1983 Gymnosophistis
1074 1883 1142 1989 (l)
1160 1885 1302 1969 Quarto
1318 1888 1417 1987 apud

293 2014 457 2088 Thraces
480 2011 702 2110 simulatque
726 2009 897 2108 Lybicos
914 2010 980 2082 sub
997 2008 1148 2110 Orpheo
1163 2016 1200 2086 et
1216 2011 1411 2096 athlante.

293 2139 430 2222 Quinto
459 2136 556 2237 apud
573 2135 738 2210 Graecos
754 2134 820 2207 sub
837 2130 1043 2212 'l'haleteet
1059 2135 1209 2235 reliquis
1230 2136 1413 2238 Sapienti-

291 2268 373 2342 bus.
390 2264 504 2339 Sexto
524 2261 622 2361 apud
636 2259 748 2334 ltalos
764 2259 830 2332 sub
847 2257 1023 2342 Arclrita,
1041 2260 1204 2362 Gorgia,
1221 2263 1414 2339 Archime·

293 2394 349 2480 de,
369 2388 603 2490 Ernpcrloclc,
618 2385 804 2460 Lucretio.
830 2383 994 2482 Septimo
1013 2388 1111 2486 apud
1126 2387 1336 2466 Germanos
1352 2414 1416 2466 no·

294 2518 381 2594 stris
397 2515 542 2591 seculis:
560 2519 600 2589 ut
615 2517 714 2587 ocrtc
729 2535 813 2584 curn
828 2510 922 2583 lore
938 2515 974 2584 ct
989 2510 1159 2612 Imperio
1172 2515 1417 2617 coelestisque

293 2643 419 2721 curiac
434 2640 609 2740 imagine,
625 2638 807 2725 blincrva,
823 2634 916 2707 hacc
932 2633 1071 2735 Sophia
1095 2639 1308 2715 successiva
1329 2665 1417 2742 qua-

294 2769 380 2844 dam
399 2761 653 2838 vicissitudine
677 2757 796 2834 solum
824 2756 981 2831 vert-isso
1005 2762 1041 2831 et
1056 2760 1161 2835 sedes
1176 2767 1342 2839 mutasse
1362 2765 1414 2840 vi-

295 2891 439 2966 deatur.

349 3013 431 3090 Non
447 3008 605 3085 credetis
620 3004 658 3109 (o
674 3001 875 3079 doctissimi
892 3001 1094 3107 auditores)
1109 3029 1168 3081 me
1184 3006 1276 3083 falso
1292 3009 1418 3085 adula-

295 3140 328 3216 ri
343 3137 460 3228 vobis,
478 3136 508 3211 si
532 3133 679 3210 divitias
695 3132 838 3204 vestras
854 3127 1012 3228 penitius
1027 3125 1084 3231 (2)
1095 3131 1275 3233 inspicere
1292 3136 1415 3211 velitis

297 3293 364 3344 ros
380 3264 443 3368 qui
460 3263 558 3339 inter
573 3260 664 3336 alios
680 3254 901 3332 oculatiores
916 3254 1015 3328 estis.
1032 3255 1090 3328 Ex
1106 3281 1148 3331 eo
1164 3260 1263 3334 enim
1277 3264 1418 3363 tempo

295 3420 337 3470 rc
364 3417 436 3494 quo
468 3389 514 3466 ad
531 3388 715 3464 vestrates
731 3381 946 3457 devolutum
961 3385 1017 3455 cst
1031 3380 1239 3483 imperium,
1258 3389 1418 3490 plurima

296 3519 445 3609 artium,
475 3519 512 3591 et
531 3512 724 3590 hominnm
745 3504 896 3607 ingenia
923 3504 1077 3581 inventa
1104 3514 1190 3583 sunt
1218 3514 1315 3612 apud
1336 3539 1415 3606 vos

297 3645 430 3747 quibus
445 3640 542 3743 apud
562 3643 710 3716 exteras
725 3633 893 3710 nationes
908 3628 1053 3705 nullum
1068 3632 1185 3710 simile
1209 3641 1416 3740 comperie-

296 3775 417 3848 batur.
448 3767 601 3843 Alberto
630 3762 768 3861 Magno
796 3755 918 3832 Sucro
938 3752 988 3826 illi
1004 3754 1084 3851 quis
1104 3759 1233 3834 codem
1247 3769 1414 3863 tempore

299 3895 429 3974 similis
444 3896 458 3969 't
473 3893 532 3968 An
552 3914 625 3968 non
641 3889 719 3990 ipso
739 3880 902 3987 principe
917 3877 1117 3954 Aristotele
1136 3885 1194 3958 cui
1210 3885 1418 3988 indignissi-

338 4199 385 4278 (1)
407 4196 432 4257 Il
452 4199 528 4256 testo
548 4193 609 4252 ha:
633 4185 873 4287 Gpnoropln'stir.

342 4297 388 4379 (2)
412 4296 437 4356 Il
457 4298 532 4355 testo
552 4292 612 4350 ha:
632 4288 782 4366 petricius
