3442 5108
660 366 833 437 »sm-

183 556 284 633 nicat
304 559 342 632 et
360 553 532 633 diffundit
545 552 614 660 (1)
633 554 668 632 11
704 555 802 631 enim
822 558 879 632 est
896 555 1016 658 primo
1036 557 1199 634 essentia
1216 555 1303 634 solis

96 711 100 719 ·
184 706 279 784 quae
290 681 504 758 solamente
519 680 585 757 vix
600 680 979 782 attingitunsecundo
990 685 1046 758 est
1061 682 1304 760 subsistentia

184 803 285 897 solis,
305 829 400 907 qnae
414 803 606 906 proprium
626 806 753 880 orbem
767 805 938 881 obtinens
954 810 990 880 et
1004 806 1172 882 absolute
1183 806 1301 883 consi-

183 935 299 1025 stens,
311 931 406 1008 vivit
426 931 488 1007 ubi
503 930 728 1024 vivit3tertio
740 935 797 1006 est
812 931 1029 1007 adsistentia
1039 932 1126 1007 solis
1139 957 1204 1009 seu
1220 957 1303 1034 ope·

183 1058 291 1145 ratio,
307 1082 401 1159 quae
416 1058 539 1134 omnia
554 1057 845 1158 comprehendit
858 1062 895 1133 et
911 1059 1237 1160 comprehenditur
1255 1061 1301 1134 ab

181 1185 362 1262 omnibus:
374 1184 474 1261 haud
485 1185 594 1261 aliter
604 1184 721 1260 solem
730 1183 998 1285 intelligentiae
1013 1184 1207 1287 tripliciter
1218 1209 1302 1262 con-

180 1311 345 1387 siderare
364 1310 462 1387 licet.
474 1311 602 1386 Primo
622 1311 660 1386 in
679 1311 840 1386 essentia
854 1310 1071 1403 divinitatis,
1087 1311 1250 1387 seeundo
1265 1311 1304 1387 in

180 1437 389 1513 substantia
402 1437 543 1524 mundi,
555 1439 617 1538 qui
632 1441 689 1513 est
698 1438 823 1538 imago
834 1437 1060 1528 illiuS,tertio
1071 1436 1201 1514 inluce
1221 1463 1304 1514 sen-

184 1587 247 1638 sus
266 1585 407 1653 eorum,
423 1587 516 1662 quae
531 1562 650 1639 vitam
670 1567 707 1639 et
726 1562 976 1664 cognitionem
996 1563 1231 1664 participant.
1261 1564 1303 1639 In

181 1688 303 1790 primo
314 1686 677 1788 graduaCabalistis
688 1688 895 1790 appellatur
906 1690 1305 1790 etnotaturperscpbr'-

180 1823 241 1888 rot
257 1814 409 1888 corbem
419 1811 488 1917 (2),
504 1814 542 1890 in
564 1815 724 1890 secundo
740 1815 786 1890 ab
802 1812 975 1915 Orphiois
991 1814 1174 1914 theologis
1189 1813 1305 1889 nomi-

182 1942 294 2015 natur
312 1937 440 2014 Pallas
451 1963 516 2014 seu
526 1939 709 2025 Minerva,
720 1939 758 2013 in
768 1938 878 2015 tertio
889 1939 1136 2015 communiter
1154 1939 1304 2015 nomine

185 2061 346 2164 Sophiae
366 2064 592 2141 inscribitur.
613 2064 741 2140 Primo
761 2088 835 2139 non
855 2064 1027 2157 mittitur,
1047 2089 1122 2141 non
1143 2089 1305 2142 commu-

181 2189 355 2281 nicatur,
375 2213 449 2265 non
479 2191 649 2291 capitur,
669 2214 744 2265 non
774 2190 1122 2291 comprehenditur,
1143 2190 1230 2290 quia
1248 2199 1304 2266 est

180 2315 331 2391 omnino
351 2317 498 2391 erebus
518 2315 700 2392 absoluta.
722 2315 820 2391 Audi
838 2316 998 2391 lobum:
1029 2315 1222 2416 Sapientia
1241 2316 1302 2391 ubi

181 2439 401 2518 inveniturl
423 2442 503 2543 quis
528 2445 585 2518 est
605 2441 709 2518 locus
729 2441 1025 2543 intelligentiael
1046 2440 1173 2516 Nescit
1191 2441 1304 2517 homo

179 2567 347 2668 precium
366 2570 459 2668 ejus,
487 2591 556 2644 nec
584 2566 776 2643 invenitur
795 2566 833 2642 in
860 2566 1146 2643 terra'snaviter
1167 2566 1302 2643 viven-

179 2692 285 2768 tium.
306 2694 475 2795 Abyssus
495 2693 596 2785 dicit,
615 2718 690 2769 non
706 2693 815 2769 estin
830 2717 900 2786 me;
919 2718 1022 2769 mare
1038 2694 1212 2796 loquitur,
1228 2718 1303 2770 non

179 2818 640 2894 estmeeurn.llbscondita
654 2815 711 2922 (3)
726 2819 839 2894 estab
859 2818 974 2895 oculis
994 2818 1159 2894 omnium
1176 2818 1304 2894 viven-

180 2943 285 3037 tium,
307 2944 477 3019 volueres
497 2969 642 3045 quoque
660 2944 751 3019 coeli
771 2943 862 3019 latet
879 2942 931 3047 (id
947 2948 1003 3019 est
1018 2944 1188 3036 numina,
1199 2949 1304 3019 astra

179 3070 264 3161 ista,
283 3070 381 3145 Deos
400 3070 490 3144 istos
509 3069 651 3170 igneos,
672 3074 709 3146 et
728 3093 865 3171 aqueos
884 3071 1004 3156 orbes,
1024 3069 1086 3170 qui
1106 3094 1218 3169 super
1237 3069 1297 3143 lir-

179 3203 368 3274 mamento
387 3197 613 3288 discurrunt,
628 3201 666 3272 et
680 3221 746 3298 per
761 3196 977 3272 aethereum
992 3219 1164 3296 campum
1182 3193 1296 3270 veluti

223 3465 308 3544 (1)ss
324 3469 400 3526 testo
415 3466 462 3525 ha:
478 3467 644 3542 defundit.

224 3565 268 3642 (2)
285 3568 323 3626 Le
334 3566 390 3623 duo
405 3567 507 3642 parole
518 3567 555 3623 do
570 3566 616 3623 noi
632 3568 778 3640 stampato
791 3564 820 3622 in
835 3565 950 3623 corsivo
974 3567 1021 3624 nel
1044 3567 1119 3624 testo
1141 3565 1304 3640 apparten-

178 3685 256 3743 gono
270 3666 299 3725 81
314 3666 486 3742 linguaggio
502 3667 679 3724 abbostanza
693 3669 793 3722 strano
808 3664 886 3721 della
902 3664 1050 3725 Kabbala.
1065 3666 1132 3725 Non
1147 3683 1219 3724 sono
1234 3670 1304 3740 pero

179 3766 282 3825 scritto
296 3771 525 3825 eorrettamentc
540 3765 587 3824 dal
602 3766 738 3836 Bruno‚e
754 3763 778 3822 si
793 3764 1036 3825 debbonoinvece
1049 3766 1179 3825 scrivere
1195 3764 1302 3841 Septi·

180 3865 261 3936 roth,
276 3864 311 3921 ed
327 3865 490 3922 Achamot.

220 3963 384 4039 Sopbirotb
399 3961 534 4036 significa
548 3963 744 4033 emanirzionc‚
760 3965 795 4022 od
811 3965 966 4022 Achamot
987 3981 1139 4038 saggczza.

220 4061 272 4120 Chi
290 4062 403 4119 volasse
417 4080 572 4120 conoscere
587 4062 658 4122 tutti
673 4061 784 4121 codesti
799 4062 882 4136 gradi
905 4061 934 4120 di
949 4062 1081 4120 dottrina
1103 4061 1302 4131 eabbatistica,

180 4163 321 4241 potrebbe
335 4159 512 4221 riscontrare
526 4163 556 4220 la
565 4162 658 4220 storia
669 4161 746 4221 della
757 4159 894 4222 Kabbnla
905 4161 1010 4223 scritta
1024 4162 1073 4220 dal
1088 4160 1207 4220 Franck
1220 4179 1236 4219 e
1250 4161 1299 4221 dal

181 4259 303 4320 Matter.

219 4360 267 4439 (³)
282 4358 307 4419 ll
321 4362 397 4418 testo
411 4358 458 4417 ha:
470 4358 641 4420 abcondita.
