3442 5108
914 343 1031 404 -336
1052 374 1092 387 -

438 483 474 542 ad
497 485 666 542 contactum
680 480 782 539 circuli
797 479 957 556 productae
977 480 1071 539 lineae
1093 480 1294 557 deportentur,
1309 480 1387 556 quod
1402 497 1453 539 nos
1468 497 1507 541 cx
1522 478 1558 538 iis

438 621 513 681 quae
534 605 570 663 de
591 603 701 662 minimi
716 601 884 661 inventione
900 600 1079 679 scripsimus,
1095 602 1326 662 demonstrative
1347 603 1480 678 persequi
1504 602 1558 660 do-

437 723 644 783 cuimus-Et
663 722 810 792 nimirum,
831 722 959 799 perlecto
980 723 1125 783 existente
1146 725 1242 799 globo,
1264 725 1336 783 haec
1358 724 1443 784 unico
1470 728 1559 802 atque

438 847 593 924 potissima
613 850 690 906 esset
710 847 796 919 ratio,
818 865 876 923 qua
896 847 932 905 de
952 846 1154 922 magnitudine
1175 847 1377 923 comprehensi
1399 846 1559 918 circuitus,

439 976 487 1034 vel
508 973 593 1046 radii,
616 974 664 1031 vel
687 972 821 1032 diametri
843 990 861 1030 a
881 974 980 1029 centro
1000 969 1160 1029 horizontis
1181 969 1219 1044 (a
1247 966 1431 1044 respicientis
1455 984 1559 1042 nempe

439 1095 542 1171 oculo)
558 1111 611 1169 per
624 1096 718 1151 artem
733 1092 909 1169 geometrice
925 1090 1117 1169 judicandum
1132 1089 1180 1149 sit:
1201 1090 1252 1149 sed
1268 1090 1306 1147 ad
1320 1088 1438 1166 praxim
1455 1087 1558 1166 (rebus

438 1220 560 1277 naturae
585 1215 627 1275 ita
653 1234 684 1275 se
711 1215 906 1285 habentibus)
928 1230 1017 1288 quam
1039 1211 1078 1271 sit
1098 1212 1127 1269 id
1149 1211 1263 1270 difficile
1287 1210 1353 1287 quis
1373 1229 1430 1269 non
1452 1210 1559 1269 videti

438 1340 542 1399 Altera
563 1338 740 1415 ineptiarum
762 1338 904 1413 estquod
926 1339 963 1395 de
983 1337 1103 1410 Lynceo
1125 1353 1163 1394 ex
1184 1332 1331 1392 historicis
1346 1333 1444 1409 plures
1458 1332 1561 1407 prodi-

438 1460 553 1532 derunt;
568 1476 691 1533 quorum
706 1458 801 1516 Varro
816 1456 946 1517 affirmat
959 1476 1026 1517 eum
1041 1462 1158 1516 centum
1181 1456 1305 1532 triginta
1326 1455 1419 1514 millia
1440 1454 1559 1531 passirm

438 1579 643 1657 prospexisse,
665 1597 762 1653 exque
783 1579 920 1654 lybicana
942 1582 1061 1658 specula
1083 1598 1237 1639 numerum
1259 1578 1377 1638 riarium
1399 1597 1417 1637 a
1437 1578 1561 1637 Cartha·

438 1694 506 1770 gine
526 1694 696 1753 exeuntium
712 1692 949 1753 manifestissime
965 1698 1089 1755 notasse:
1103 1696 1182 1772 quod
1198 1701 1275 1754 certe
1291 1693 1456 1771 (stantibus
1471 1691 1560 1769 paulo

437 1812 592 1873 antedictis
612 1812 762 1882 terminis)
784 1814 848 1872 fieri
864 1835 921 1874 non
939 1820 1045 1891 potest;
1068 1814 1123 1875 nisi
1138 1820 1167 1874 et
1182 1813 1373 1892 argonautica
1394 1811 1494 1871 fabula
1508 1812 1561 1870 illa

436 1942 589 1997 succurrat
603 1937 679 2014 quod
694 1943 725 1998 ct
739 1938 865 2016 parietes
880 1937 946 1997 visu
961 1937 1123 2015 penetrarit
1143 1942 1173 1997 ct
1188 1937 1225 1996 ad
1239 1937 1347 1996 inferos
1362 1952 1455 2013 usque
1477 1936 1560 1995 visus

437 2058 530 2116 aciem
543 2058 747 2118 transmiserit.
762 2057 1009 2136 circumspectius
1023 2075 1094 2115 sano
1109 2057 1144 2115 de
1159 2057 1208 2116 illo
1222 2057 1463 2132 Homeruspoeta
1478 2054 1561 2113 locu-

438 2189 486 2244 tus
503 2187 557 2256 cst,
567 2201 654 2260 quam
665 2184 773 2257 Varro,
787 2185 970 2263 Apollonius,
985 2184 1170 2255 Aristoteles,
1184 2183 1359 2255 Pausanias,
1374 2179 1558 2251 Theocritus,

437 2306 583 2367 Valerius.
591 2307 654 2378 Ille,
662 2324 714 2383 pro
726 2305 889 2365 ulciscendo
902 2308 987 2381 raptu
997 2304 1121 2363 duarum
1134 2301 1363 2378 Idae(lltratris
1373 2315 1559 2377 sponsorum,

437 2424 586 2484 Castorem
602 2421 647 2497 (2)
658 2425 687 2479 et
701 2421 851 2479 Pollucem
866 2421 960 2481 multa
971 2418 1114 2497 sepositos
1130 2418 1252 2495 regione
1267 2417 1409 2489 visurum,
1422 2418 1465 2474 ait
1479 2434 1558 2475 mon·

438 2543 476 2602 tis
491 2540 695 2601 conscendisse
709 2539 907 2600 summitatem
920 2562 928 2613 3
943 2540 1018 2598 uude
1037 2537 1152 2615 longius
1174 2537 1342 2614 speculatus
1357 2540 1489 2613 raptores
1504 2537 1559 2595 sub

438 2660 535 2719 abiete
549 2659 675 2719 latentes
687 2656 772 2718 facilc
780 2660 973 2737 prospexerit.
983 2660 1039 2718 Sed
1050 2659 1318 2736 incomparabiliter
1326 2658 1562 2736 circumspectio·

436 2799 498 2841 rem
509 2782 610 2859 judico
626 2786 720 2841 artem
736 2780 843 2839 diaboli
856 2782 946 2854 illam,
959 2783 1007 2857 qui
1021 2782 1126 2841 melius
1139 2783 1174 2841 de
1189 2784 1341 2843 cacumine
1355 2783 1465 2841 excelsi
1480 2801 1560 2842 mon·
1643 2835 1649 2845 .

436 2901 474 2960 tis
494 2900 590 2978 potuit
610 2900 764 2959 ostendere
785 2898 883 2959 omnia
898 2916 989 2975 regna
1004 2901 1116 2970 mundi,
1131 2919 1218 2977 quain
1234 2902 1270 2960 de
1284 2904 1369 2960 antro
1386 2899 1559 2977 Trophonii.

437 3018 535 3078 Sedet
550 3019 620 3078 illud
632 3024 678 3078 est
690 3020 726 3076 ad
741 3021 922 3095 propositum
937 3019 1111 3093 addendum,
1127 3021 1202 3097 quod
1219 3021 1353 3097 quamvis
1368 3022 1459 3080 altum
1475 3038 1560 3079 mon-

435 3147 495 3201 tem
507 3142 650 3218 quispiam
665 3143 876 3213 conscenderit,
888 3143 925 3200 ad
940 3147 1073 3202 terrenae
1082 3145 1267 3218 globositalis
1276 3147 1430 3216 rationem,
1443 3165 1498 3204 non
1514 3150 1560 3205 est

436 3265 512 3340 quod
526 3263 569 3324 ita
590 3264 654 3341 plus
669 3284 701 3324 se
716 3268 752 3325 ad
774 3269 860 3326 unius
874 3268 998 3329 millaris
1020 3270 1190 3331 ulteriorem
1212 3279 1383 3351 promoveat
1399 3277 1560 3349 aspectum,

435 3385 511 3446 sicut
531 3391 561 3447 et
575 3389 736 3449 altissimus
750 3407 833 3450 mons
854 3391 906 3448 vix
922 3393 1018 3466 potest
1032 3391 1117 3449 unius
1132 3393 1265 3452 milliaris
1287 3393 1559 3470 perpendicularem

434 3508 539 3567 lineam
555 3525 713 3585 superare:
728 3508 804 3585 quod
818 3509 902 3570 facile
916 3512 1013 3570 induci
1028 3515 1123 3588 potest
1137 3533 1173 3573 ex
1191 3515 1377 3591 proportione
1398 3530 1485 3589 quam
1499 3512 1554 3570 ha-

434 3627 505 3686 bent
518 3633 617 3705 parles
638 3627 733 3691 lineae
747 3631 812 3704 ΑΗ,
833 3649 907 3710 quae
929 3633 977 3689 est
995 3630 1141 3690 horizonti
1163 3630 1426 3708 perpendicularis,
1447 3631 1484 3687 ad
1506 3647 1558 3688 eas

434 3763 508 3821 quae
522 3764 539 3805 a
552 3748 685 3809 terminis
705 3748 822 3809 illarum
837 3750 965 3826 partium
981 3750 1061 3809 EFH
1082 3752 1119 3809 ad
1142 3751 1291 3809 ulterioris
1312 3767 1399 3808 arcus
1419 3765 1555 3825 eompre-

460 3924 491 3982 (1)
502 3925 520 3968 ll
528 3934 585 3970 testo
595 3927 630 3970 ha:
643 3929 724 3981 Lidue,
734 3928 762 3970 od
773 3929 786 3971 e
796 3928 890 3984 chuglio:
901 3929 987 3983 Ouidio,
997 3929 1038 3972 che
1048 3929 1083 3971 nel
1094 3928 1120 3971 V.
1131 3928 1166 3971 do*
1176 3928 1239 3971 linari
1250 3942 1276 3970 ne
1289 3929 1311 3971 ln
1321 3928 1445 3981 menzione,
1456 3927 1537 3970 scrive:

671 4040 739 4083 Bello
746 4047 846 4095 parerat,
856 4048 1007 4096 repetuntque
1016 4053 1072 4085 mos
1081 4049 1103 4085 et
1113 4043 1189 4095 [ναῖεν
1198 4044 1220 4084 rt
1233 4044 1295 4083 Idus.

458 4160 558 4204 lnesatta
567 4163 580 4203 e
590 4172 646 4216 pure
656 4161 678 4205 la
687 4160 753 4204 irase:
770 4164 874 4205 decertum
888 4162 945 4204 Idae
958 4163 1043 4212 fratris
1054 4171 1207 4214 spotrsarunu
1218 4159 1239 4201 in
1250 4159 1320 4201 neritii
1331 4160 1425 4200 Castore
1440 4172 1452 4200 c
1464 4157 1559 4200 Polluce

434 4251 537 4306 rapirono
552 4251 597 4296 duc
609 4265 683 4309 spone,
693 4267 730 4297 ma
741 4253 852 4297 tidnnzuto
861 4266 905 4297 unu
914 4267 928 4298 a
938 4254 1026 4307 Linceo,
1041 4252 1119 4297 l'altra
1128 4253 1157 4295 ad
1169 4251 1208 4296 lde
1217 4264 1257 4295 suu
1268 4252 1360 4296 fratello.

464 4341 494 4395 (2)
503 4343 519 4386 ll
529 4350 586 4388 tosto
596 4343 637 4388 ha:
651 4347 792 4390 Crassiorem.
