3442 5108
885 301 1065 360 -284-

454 480 496 549 Et
520 483 638 566 carnis,
661 484 759 568 densi,
784 487 860 564 rari,
885 485 991 563 calidi,
1014 491 1111 570 atquo
1135 487 1277 572 rigentis

453 611 550 695 Sique
573 612 671 690 lubet,
695 612 830 698 pondus,
854 619 985 691 motum,
1009 615 1122 689 lucem,
1147 620 1243 698 atque
1267 615 1427 697 tenebras,

452 739 637 827 Subjectum
661 743 778 826 passim
801 742 852 829 (ut
874 741 955 829 dixi)
978 744 1045 807 sine
1069 741 1131 806 dne
1154 740 1286 809 videbis,

451 876 598 960 Namque
620 876 738 944 infiniti
760 881 810 943 est
832 874 983 961 quidquid
1007 877 1076 940 sine
1101 874 1180 952 fine,
1205 876 1240 938 ut
1262 878 1295 940 et
1317 874 1419 959 ipsum
1443 878 1501 939 est.

454 1007 522 1072 Nec
546 1008 651 1072 minus
675 1012 788 1073 estex
813 1008 852 1072 iis
875 1007 1045 1089 quicquam
1069 1022 1211 1078 numero,
1238 1003 1298 1066 nisi
1321 1007 1444 1086 spectes

450 1132 571 1199 Ordine
596 1133 685 1198 finita
710 1152 747 1197 ac
770 1135 863 1206 serie,
887 1151 1027 1198 canones
1044 1129 1272 1216 synodumque.

452 1264 498 1329 At
521 1263 547 1325 si
572 1263 759 1327 continuum
785 1281 898 1327 cernas
922 1262 1171 1326 concurrerem
1195 1280 1293 1323 unum

450 1390 577 1467 Omnia,
594 1411 650 1456 ceu
674 1392 810 1478 plenum,
836 1392 902 1466 lux,
927 1410 993 1466 aer,
1018 1391 1122 1465 inane,
1147 1391 1307 1472 locusque,

447 1523 553 1609 lllajrus
579 1521 622 1588 ibi
646 1534 743 1608 atque
766 1525 881 1605 minuS,
905 1543 1040 1589 numero
1063 1524 1115 1589 vel
1139 1523 1230 1599 mole,
1255 1520 1430 1605 nequibunt

447 1657 553 1722 Extra
576 1656 700 1725 finitum
726 1657 902 1743 confingier
926 1657 1131 1724 intervallum
1155 1654 1214 1743 (l),

447 1786 529 1850 Dum
554 1787 754 1850 innumerum
779 1791 891 1871 reputo
915 1786 1012 1851 solem
1036 1791 1220 1871 terramque
1240 1792 1425 1872 vagantem,

447 1916 615 2003 Unumque
641 1917 766 1982 interea
788 1915 888 1979 solem
913 1915 1113 1980 circumdare
1136 1917 1243 2001 plures

447 2046 603 2124 Tellures,
628 2046 681 2110 illo
705 2046 764 2110 hos
789 2047 908 2111 cirrum
931 2052 1123 2114 numerante
1146 2048 1301 2132 planetas,

445 2179 602 2243 Tellurem
627 2182 773 2262 quamvis
796 2179 928 2265 populos
952 2178 1178 2264 comprendere
1200 2179 1338 2255 multos,

445 2305 576 2372 Civibus
599 2314 632 2373 et
655 2308 763 2373 multis
787 2308 938 2392 populum
963 2326 1158 2392 consurgere
1182 2325 1346 2389 quemque,

444 2435 589 2521 Undique
614 2438 762 2502 nimirum
788 2439 922 2522 populus
946 2438 1147 2501 numerosior
1169 2436 1237 2499 exit

443 2568 573 2635 Orbibu'
598 2573 770 2652 terrarum,
796 2571 926 2637 tellures
952 2568 1071 2634 solibus
1096 2568 1177 2630 unis

443 2695 550 2779 Atque
573 2694 696 2762 infinito
720 2697 751 2759 in
776 2716 850 2772 unc,
869 2717 889 2760 a
912 2713 1043 2760 numero
1067 2712 1221 2758 numerus
1238 2711 1300 2754 non

442 2821 571 2890 Differt:
597 2829 693 2909 atque
715 2845 828 2890 monas
851 2844 983 2890 numero
1007 2820 1235 2906 coaequabitur
1258 2821 1364 2883 omni:

441 2949 528 3013 Mille
552 2951 668 3016 infiniti
692 2970 755 3016 non
779 2956 855 3016 sunt
878 2951 959 3036 plus,
984 2969 1078 3033 quam
1102 2948 1175 3024 duc,
1201 2955 1320 3026 tresve,

442 3083 485 3148 Et
507 3083 631 3150 vicibus
654 3105 717 3150 non
744 3088 841 3151 finitis
865 3087 1084 3172 comprensilis
1107 3104 1199 3149 unus.

442 3207 514 3272 Non
538 3211 639 3295 igitur
662 3212 770 3297 plures
794 3213 886 3291 soles,
911 3232 1005 3297 quam
1029 3211 1132 3278 dicere
1155 3212 1241 3292 cives

440 3335 478 3400 In
500 3340 570 3404 toto
593 3341 725 3423 poteris,
749 3340 804 3405 sed
828 3348 954 3409 tantum
978 3342 1018 3407 ab
1042 3339 1150 3407 ordine
1174 3341 1283 3406 mundi

440 3462 545 3551 Hujus
568 3472 601 3532 et
623 3467 778 3543 alterius;
804 3490 936 3535 numero
960 3490 1041 3554 quae
1065 3471 1325 3547 constituuntur,

441 3591 604 3676 lllensura,
629 3616 667 3661 ac
691 3599 828 3683 propriis
852 3601 1029 3676 momentis
1055 3599 1165 3665 ordine
1189 3608 1289 3684 cerlo,

442 3723 613 3791 Innumero
637 3746 749 3814 nempe
773 3735 869 3814 atque
894 3731 1049 3796 immenso
1073 3752 1136 3796 non
1163 3733 1251 3797 locus
1276 3735 1360 3800 ullus

439 3850 519 3916 Esse
543 3858 650 3937 potest
673 3855 781 3941 pluris,
807 3858 931 3933 modici,
958 3861 1063 3943 pauci,
1088 3865 1184 3942 atque
1207 3862 1349 3941 minoris,

440 3979 530 4054 Quae
554 3987 676 4050 numeri
700 3995 733 4054 et
756 3989 856 4054 mensi
881 3988 1065 4054 discrimina
1088 3988 1246 4054 cernimus
1269 4010 1346 4054 esse.

420 4206 452 4261 (l)
465 4207 483 4249 ll
493 4214 551 4252 testo
562 4211 599 4265 qul
610 4210 640 4256 hu
650 4223 679 4256 un
688 4220 764 4271 punto.
