3442 5108
238 2033 331 2111 lllud
359 2033 542 2136 principio
578 2033 1004 2139 (Magnificentissime‚
1034 2037 1317 2115 Reverendissi·

185 2185 245 2236 me
274 2160 661 2265 excellentissimeque
690 2163 849 2239 Domine
867 2164 1086 2255 Prorector;
1107 2165 1315 2242 Doctorum

187 2287 531 2390 magistrorumque
560 2287 661 2363 omni
681 2288 867 2362 virtutum
891 2288 1157 2390 doctrinaeque
1178 2313 1315 2390 genere

185 2411 453 2514 insignitorum
482 2413 644 2489 Senatus
673 2413 913 2513 amplissima
944 2419 981 2488 et
1000 2414 1244 2506 nobilissima,
1261 2415 1316 2489 in-

185 2539 448 2639 geniosissima
476 2539 756 2640 cultissimaquc
785 2539 1039 2614 studiosorum
1068 2538 1227 2644 corona)
1255 2565 1313 2615 me

186 2667 351 2741 maxima
380 2665 641 2757 sollicitudine,
671 2670 783 2767 atque
811 2666 925 2741 anxia
953 2691 1044 2741 cura
1073 2672 1198 2759 vexat,
1219 2668 1316 2769 quod

186 2817 425 2894 summopere
454 2816 599 2883 vereor,
629 2792 787 2893 nequis
817 2793 940 2867 minus
970 2791 1154 2868 libertatis
1173 2796 1211 2868 et
1230 2792 1317 2869 sim-

187 2918 365 3020 plicitatis
394 2918 534 3021 ingenii
563 2919 634 2994 mei
664 2943 816 3017 gnarus
846 2919 917 2994 hoc
945 2919 1067 3021 ipsum
1091 2917 1231 2996 leviore
1258 2922 1273 3022 j
1306 2959 1318 2977 ·

186 3044 271 3120 dicii
301 3045 408 3122 lance
436 3044 685 3147 perpendam,
715 3043 753 3119 in
782 3044 1007 3120 deteriorem
1034 3049 1179 3146 partem
1204 3045 1317 3122 inter·
1416 3041 1419 3044 ’

185 3175 354 3271 pretatur
382 3172 478 3274 qnod
499 3172 610 3248 homo
631 3170 863 3273 peregrinus,
883 3171 1053 3271 ignotus,
1074 3176 1111 3247 ot
1130 3171 1190 3247 cui
1210 3197 1314 3274 prae-

185 3295 316 3398 cipuus
344 3296 440 3389 finis,
471 3324 543 3400 quo
571 3297 670 3374 inter
699 3323 765 3373 vos
795 3322 1017 3391 conmmror‚
1038 3304 1094 3373 est
1110 3299 1238 3375 latere:
1262 3300 1316 3374 ita

185 3449 245 3499 me
273 3448 357 3500 mea
385 3430 529 3527 sponte,
558 3424 712 3503 anullo
740 3424 820 3528 (qui
848 3424 1042 3527 appareat)
1070 3427 1224 3516 ascitus,
1255 3427 1316 3503 vel

186 3551 423 3639 adhortatus,
452 3552 551 3629 ultro
581 3552 718 3629 vestris
747 3551 908 3628 luctibus
938 3551 1171 3641 immiscear,
1201 3556 1238 3628 ct
1267 3555 1314 3629 ad

184 3679 400 3780 thragicum
429 3679 545 3756 veluti
574 3680 807 3782 symposium
836 3659 986 3754 minime
1020 3679 1215 3755 lacessitus
1246 3706 1315 3756 ac-

186 3805 329 3881 cedam.
367 3803 531 3882 Subinde
564 3830 610 3882 ne
642 3806 821 3881 audaciae
849 3805 1146 3906 temeritatisque
1179 3813 1314 3906 synto-

187 3956 248 4007 ma
276 3937 389 4034 atque
416 3932 590 4009 effectum
619 3933 872 4035 suspicemini,
903 3932 991 4034 quia
1018 3941 1101 4033 post
1133 3957 1250 4034 usque
1280 3961 1317 4008 a·

186 4055 255 4131 deo
283 4054 607 4156 eloquentissimos
636 4056 738 4131 etin
767 4057 912 4132 dicendi
941 4055 1120 4132 facultate
1149 4056 1317 4158 apprimo

186 4182 373 4282 insignes3
404 4187 488 4284 post
524 4183 691 4260 auditam
720 4181 919 4287 (inquam)
947 4182 1250 4259 amoenissimam
1279 4189 1317 4259 et
1395 4206 1399 4214 ·

187 4307 455 4402 dulcissimam,
476 4308 719 4413 quantumvis
733 4309 933 4409 lugubrem
947 4308 1193 4401 harmoniam,
1210 4308 1315 4410 quasi
