3442 5108
779 345 957 406 -314-

355 545 437 610 Hinc
459 541 599 616 abstanS,
624 538 711 604 fumo
735 537 899 622 turpisque
923 533 1101 612 umbrante,
1126 550 1184 595 nec
1207 529 1280 594 ullis

354 672 540 740 Muneribus
566 669 695 755 pollens
720 687 777 732 neo
801 670 885 733 enim
909 668 985 729 suut
1008 682 1102 749 poma
1125 681 1183 726 nec
1206 681 1301 737 uvae,

353 803 421 868 Neo
450 799 556 866 dulces
580 795 624 861 illi
648 794 744 861 ficus:
770 800 859 861 caret
880 790 998 859 arbore
1020 796 1053 857 et
1076 790 1191 871 hortiS,

352 930 527 1003 Obscurus,
552 927 702 1010 tetricus,
728 926 839 1000 tristis,
864 929 954 1003 trun,
977 921 1062 995 vilis
1087 938 1217 986 avarus.

352 1062 397 1126 At
419 1065 455 1126 tu
477 1058 665 1124 subridens:
684 1060 791 1123 tamen
816 1058 865 1119 est
888 1071 1061 1138 germanus
1081 1069 1255 1133 amansque

351 1189 408 1254 llle
431 1189 503 1265 mei,
527 1193 623 1272 atque
646 1185 702 1253 tihi
725 1185 806 1250 bene
830 1184 911 1251 vult.
935 1183 1014 1249 Vise
1037 1201 1127 1268 ergo,
1152 1201 1211 1246 nec
1234 1180 1304 1267 ejus

350 1325 529 1392 Blanditias
555 1328 733 1398 contemne,
758 1323 824 1388 seio
849 1319 926 1385 nihil
950 1318 1003 1383 ille
1026 1317 1194 1382 molestum

350 1454 444 1529 Quod
469 1455 526 1521 tibi
554 1456 605 1531 sit,
629 1453 735 1529 faciet,
760 1451 932 1533 nolensque
956 1467 1086 1512 manere
1110 1443 1237 1511 redibis,

350 1580 437 1667 Ergo
468 1581 522 1646 ubi
546 1580 655 1646 adesse
677 1580 788 1644 datum
811 1581 861 1644 est
884 1578 955 1654 illic,
979 1577 1170 1661 propiusque
1193 1574 1279 1639 tueri

348 1711 526 1779 Vesuvium
557 1711 685 1777 Baccho
710 1708 876 1784 celebrem,
900 1708 1065 1791 multoque
1088 1702 1259 1788 superbum

347 1830 499 1910 Arbusto‚
528 1832 667 1899 ubertim
689 1854 706 1897 e
729 1833 826 1897 ramis
851 1829 1059 1917 pendentibus
1083 1830 1166 1903 uvis,

346 1963 516 2029 Fructibus
544 1965 732 2049 omnigenis
758 1964 851 2030 varia
874 1982 953 2047 quos
977 1962 1062 2026 alma
1085 1960 1191 2047 figura

346 2097 453 2182 Atque
476 2100 584 2165 colore
607 2120 724 2186 parens
748 2101 867 2184 promit
890 2105 1019 2174 natura,
1043 2096 1181 2181 benigno

286 2271 290 2292 .
345 2223 525 2310 Adspirans
556 2227 645 2293 coelo
668 2228 804 2312 patriae,
828 2226 1026 2310 nihilumque
1050 2225 1159 2289 deesse

346 2351 406 2434 Illi,
430 2374 510 2438 quas
534 2375 657 2432 noram,
682 2375 810 2434 rerum;
835 2357 926 2441 proin
950 2355 1055 2440 pluria
1078 2360 1224 2420 centum:

344 2481 513 2547 Attonitus
537 2486 683 2550 novitate
706 2505 793 2550 meos
817 2489 895 2551 tunc
918 2504 1021 2571 arguo
1046 2485 1181 2570 primum

346 2604 515 2673 Mendaces
538 2609 660 2674 oculos.
684 2610 830 2694 Dumque
852 2609 982 2686 haereo,
1006 2631 1082 2675 num
1105 2609 1181 2674 mihi
1205 2607 1273 2674 fors
1297 2627 1381 2673 nunc

345 2733 494 2820 Imponat
517 2734 597 2800 falsa
621 2736 735 2820 specie,
760 2735 909 2802 festivior
931 2738 983 2801 ille

344 2863 524 2928 Germanus
548 2867 633 2941 tuus,
658 2862 711 2928 ille
733 2866 857 2947 patrem
882 2861 1058 2948 Campania
1080 2862 1157 2929 felix

343 2988 445 3063 Quem
469 2995 575 3066 vocat,
601 2990 740 3076 ingentis
764 2990 876 3076 clypeo
901 2992 955 3074 qui
978 2992 1130 3078 corporis,
1155 2993 1260 3057 austri

344 3115 488 3182 Invisum
512 3118 633 3184 avertit
656 3136 733 3182 cara
756 3119 931 3202 aregione
954 3121 1116 3205 rigorem;

344 3245 386 3312 Et
404 3244 496 3332 jubet
519 3251 564 3323 ut,
589 3244 691 3327 furiis,
715 3266 794 3330 quas
818 3247 928 3334 Scylla
951 3253 1048 3333 atque
1072 3254 1145 3315 atra
1168 3249 1348 3336 Charybdis

343 3376 521 3463 Suggessit‚
543 3377 662 3461 positis,
686 3376 761 3442 huic
785 3378 894 3444 mitior
916 3383 1039 3464 irrepat
1062 3379 1152 3459 orbi;

342 3511 433 3576 Ulnis
456 3532 507 3577 me
529 3518 697 3594 exceptum
723 3510 884 3591 resovenS,
910 3515 1072 3598 variisque
1096 3536 1255 3581 coronans

342 3638 532 3717 Frondibus,
556 3646 589 3705 et
613 3639 735 3724 palmas
759 3641 877 3727 ignotis
900 3641 1056 3709 fructibus
1081 3645 1225 3730 implens,

340 3768 446 3851 Atque
469 3768 583 3832 sinum:
610 3771 738 3834 memini
762 3770 929 3838 insciolum
951 3775 988 3838 ut
1011 3773 1144 3853 ridebat,
1169 3779 1294 3843 avitum

339 3897 471 3983 Ingenio
496 3896 645 3979 officium,
670 3897 720 3985 (1)
742 3901 832 3983 pueri
855 3900 930 3965 dum
955 3902 1142 3985 praestabat
1166 3924 1278 3970 avaro
1305 3908 1353 3995 (2)

319 4145 350 4200 (l)
362 4147 447 4195 Quesra
457 4145 545 4201 virgula
555 4159 648 4190 manca:
661 4159 686 4191 ce
697 4146 711 4190 Ι·
718 4149 745 4191 ho
754 4155 831 4203 posta,
841 4149 922 4204 perche
933 4149 962 4193 ho
971 4151 1043 4195 inraso
1052 4153 1066 4196 il
1077 4161 1135 4198 resto
1145 4153 1204 4198 cosi:
1216 4157 1273 4198 dum
1282 4159 1420 4210 praestabat

293 4240 383 4282 am'tum
392 4242 491 4293 officium
504 4254 577 4285 btuuro
590 4246 684 4297 §moenio
697 4247 774 4298 poert.
789 4248 884 4289 Avitum
900 4255 936 4292 stu
950 4249 985 4291 uel
997 4249 1061 4292 solito
1074 4250 1200 4305 significato
1210 4252 1230 4294 di
1245 4253 1382 4306 desiderato,
1398 4254 1420 4296 di

292 4341 399 4388 supposta
411 4334 552 4379 derirazione
563 4337 591 4379 du
601 4351 663 4382 aceo.

322 4419 353 4477 (2)
368 4420 409 4472 Qui
419 4421 434 4465 il
443 4429 502 4467 testo
512 4423 541 4468 ba
550 4437 594 4468 uua
604 4423 699 4483 virgula.
