3442 5108
676 332 857 392 -357-

188 479 339 557 docunque
353 478 400 558 (l)
422 478 694 539 circumferentialis
715 479 822 556 synodi
842 481 890 537 esi
905 476 1148 538 constantissima
1162 476 1315 554 periodus,

188 605 227 662 ibi
248 604 317 681 quia
332 602 404 661 nihil
421 603 510 673 deest,
526 603 589 661 ideo
604 600 678 660 Ditis
695 603 862 676 nuncupata
877 604 922 658 est
935 598 1028 673 regia,
1042 598 1224 658 aliisVestae
1239 601 1315 656 tem-

187 721 278 799 plum.
292 722 315 780 E
330 722 405 780 enim
421 725 450 780 et
464 719 490 777 G
502 738 575 797 quae
591 720 805 779 diametraliter
828 723 895 779 sunt
906 718 1081 795 opposita,A
1092 719 1162 779 ilem
1178 723 1207 778 et
1218 719 1243 778 F
1254 718 1314 778 inc

189 842 284 900 medio
296 845 364 900 sunt
377 859 467 899 unum
482 844 512 900 et
524 839 728 899 convenientia
741 884 748 910 ,
760 837 896 896 similiter
910 840 937 896 A
952 840 982 896 et
996 835 1032 909 Ε,
1046 839 1073 895 Α
1090 843 1120 897 et
1134 839 1169 910 G,
1186 838 1211 896 F
1231 842 1262 897 et
1278 838 1314 913 E,

189 964 259 1024 Fet
273 963 308 1038 G,
324 982 435 1023 necnon
449 966 479 1023 et
493 968 619 1040 quatuor
640 962 689 1023 alii
703 960 831 1034 termini,
852 961 885 1033 B,
902 957 940 1033 H,
956 960 991 1032 D,
1007 959 1037 1018 I:
1059 959 1088 1018 hi
1120 960 1197 1018 enim
1214 978 1314 1021 omnes

189 1083 307 1143 tormini
328 1085 377 1161 qui
406 1083 489 1143 lineis
503 1085 540 1143 ad
556 1082 774 1144 subtensionem
790 1080 968 1140 circulorum
989 1080 1084 1140 ductis
1098 1086 1169 1141 sunt
1189 1081 1315 1141 invicem

189 1200 314 1278 oppositi
325 1204 355 1260 et
374 1200 528 1275 contrarii,
540 1202 627 1261 iidem
641 1200 727 1260 lineis
739 1198 849 1277 proprii
861 1198 990 1259 influxus
1000 1200 1038 1260 ad
1052 1204 1185 1260 centrum
1196 1199 1316 1260 directis

190 1323 260 1378 sunt
275 1336 363 1378 uuum
382 1365 390 1393 ,
414 1319 464 1378 ubi
485 1338 542 1381 non
557 1322 602 1379 est
617 1318 753 1397 possibile
775 1322 808 1379 ut
820 1319 969 1377 contraria
982 1318 1042 1378 sint
1054 1318 1202 1379 contraria
1223 1337 1315 1396 neque

189 1439 248 1497 alia
260 1457 354 1516 neque
370 1439 539 1499 diversaiit
550 1439 739 1512 ostendimus,
746 1438 990 1515 ostendemusque
1001 1439 1056 1497 hoc
1067 1441 1272 1515 rursum,quod
1285 1444 1316 1499 et

190 1575 242 1637 per
255 1564 380 1617 naturae
393 1557 486 1634 ipsius
499 1558 614 1634 praxim
629 1565 675 1617 est
685 1555 882 1632 manifestum,
891 1558 969 1633 quod
983 1558 1055 1618 haec
1068 1557 1167 1619 virtus
1182 1577 1256 1636 quae
1270 1566 1316 1621 est

190 1678 220 1735 iu
235 1683 337 1737 centro
355 1677 570 1755 praecipuaque
585 1676 702 1737 animae
715 1677 832 1738 telluris
853 1680 932 1753 sede,
947 1679 1043 1738 omnia
1057 1680 1086 1738 in
1101 1684 1165 1740 tota
1185 1682 1315 1757 corporis

190 1794 302 1872 proprii
313 1793 449 1854 machina
461 1795 566 1871 ubique
575 1794 871 1871 contemperat.Sicut
881 1796 911 1854 in
922 1796 1075 1872 superficie
1086 1798 1217 1874 corporis
1228 1799 1315 1875 hujus

191 1918 325 1977 videmus
341 1919 395 1977 sub
410 1918 488 1976 linea
502 1918 708 1994 aequinoctiali
721 1917 838 1986 calidas,
854 1918 988 1995 frigidas,
1009 1923 1039 1979 ct
1059 1923 1238 1997 temperatas
1252 1938 1315 1981 esse

192 2041 329 2116 regiones
345 2040 520 2102 habitabiles
535 2060 587 2120 per
602 2044 706 2120 maria,
718 2052 843 2122 montes,
855 2046 961 2122 fontes,
976 2046 1107 2121 flumina,
1123 2052 1153 2109 et
1167 2049 1226 2107 alia
1240 2067 1316 2125 quae

192 2166 220 2224 in
233 2163 354 2241 reliquis
364 2165 388 2243 ej
394 2165 493 2224 usdom
506 2168 635 2242 corporis
644 2169 779 2245 partibus
787 2169 982 2229 habentur.Et
990 2168 1175 2228 ostendemus
1187 2169 1316 2245 aliquan·

192 2287 229 2345 do
252 2285 346 2361 qualis
360 2285 465 2344 debeat
479 2286 642 2346 necessarie
658 2304 721 2347 esso
743 2289 885 2348 habitatio
906 2289 936 2347 in
957 2288 1072 2365 punctis
1094 2288 1163 2348 Bet
1177 2287 1212 2347 D.
1228 2289 1254 2346 A
1269 2306 1316 2346 er·

193 2427 230 2486 go
249 2409 296 2483 (ut
309 2408 464 2467 redeamus
486 2408 523 2466 ad
535 2418 709 2486 argumenta
722 2429 760 2472 ex
775 2412 978 2473 communibus
996 2414 1099 2491 positis
1113 2416 1143 2472 et
1157 2413 1317 2491 concessis)

192 2521 313 2581 aCuon
328 2523 423 2599 magis
437 2524 538 2596 distat,
550 2530 662 2585 astrum
677 2526 772 2585 oriens
787 2545 874 2602 quum
889 2528 1031 2599 occidens,
1040 2532 1214 2588 nocturnum
1229 2545 1317 2604 quam

193 2641 348 2714 diurnum,
370 2643 512 2720 tropieale
526 2663 614 2720 quam
628 2645 859 2722 aequinoctialo,
880 2663 967 2721 quam
993 2647 1137 2724 quomodo
1161 2664 1317 2723 secumque

193 2758 331 2840 alitor(2)
346 2780 397 2840 per
412 2761 674 2823 circumferentiam
689 2768 769 2841 agat.
780 2764 923 2825 Similiter
934 2770 964 2825 et
979 2765 1103 2842 frigidae
1117 2764 1317 2843 impressionis

193 2885 274 2943 rires
288 2885 361 2943 illue
377 2885 506 2960 undiquc
527 2886 691 2961 aequaliter
704 2887 839 2960 inlluuut,
861 2892 890 2946 ot
904 2887 971 2947 inde
985 2894 1123 2964 tanquam
1138 2906 1156 2946 a
1170 2885 1258 2945 corde
1272 2885 1315 2943 di·

193 3003 377 3064 stribuunlur
394 3007 423 3064 in
439 3022 539 3065 omnes
554 3005 684 3082 corporis
695 3010 795 3083 partes
808 3004 1012 3081 aequabiliter.
1027 3006 1101 3065 Illuc
1114 3004 1244 3064 omnium
1258 3003 1321 3080 pla·

194 3130 327 3183 notarum
345 3124 495 3203 (quorum
510 3125 584 3184 alios
598 3124 721 3199 frigidos
733 3170 741 3197 ‚
755 3124 830 3183 alios
844 3124 972 3197 calidos,
986 3124 1059 3184 alios
1073 3124 1227 3196 humidos,
1243 3122 1317 3183 alios

193 3244 285 3303 siccos
301 3245 400 3304 dicunt
414 3248 587 3313 astronomi)
601 3248 764 3323 aequaliter
785 3250 912 3327 undique
926 3250 969 3307 ire
986 3250 1113 3310 inlluxus
1128 3250 1221 3328 ajunt.
1237 3248 1318 3309 Sicu·

194 3362 221 3421 bi
244 3362 334 3439 igitur
355 3366 501 3424 contraria
514 3372 584 3426 sunt
598 3367 697 3440 simul,
712 3367 803 3427 sicubi
818 3374 887 3428 sunt
901 3370 944 3447 (in
960 3367 1159 3429 indifferentia
1173 3367 1318 3444 quadam,

194 3482 226 3537 et
243 3478 476 3540 indivisibilitate
485 3481 531 3558 (3)
544 3483 687 3559 principii,
695 3488 724 3542 et
735 3483 822 3562 primi
834 3484 987 3561 ultimique
998 3481 1120 3559 subjecti
1136 3488 1224 3557 atque
1238 3480 1318 3559 finis)

195 3615 284 3656 unum
300 3598 385 3673 qualo
400 3597 429 3657 in
443 3598 570 3675 dialogis
584 3600 620 3658 de
636 3618 740 3674 causa,
761 3602 903 3680 principio
917 3608 948 3663 et
963 3622 1020 3662 uno
1040 3604 1217 3676 retulimus,
1238 3606 1268 3661 et
1283 3602 1319 3661 de

195 3738 252 3796 quo
266 3721 335 3780 alibi
352 3720 538 3782 meminimus
552 3724 740 3800 saepissime,
754 3725 793 3784 ibi
815 3725 1013 3803 propriissime
1028 3726 1198 3786 debebimus
1213 3725 1319 3785 adten-

196 3844 265 3903 dere
277 3843 301 3902 si
313 3843 424 3920 (veluti
440 3844 576 3921 facimus)
591 3846 735 3925 principia
750 3848 886 3924 uulgaria
900 3867 966 3908 cum
978 3848 1056 3908 hisee
1071 3846 1317 3925 consequentibus

196 3966 327 4026 conferre
344 3967 477 4039 vellinae,
490 3968 553 4027 heic
568 3969 645 4027 enim
658 3989 713 4030 nou
726 3990 763 4031 ex
777 3971 905 4049 propriis
919 3971 1142 4048 senioribusque
1158 3968 1319 4049 principiis,

197 4088 248 4147 sod
263 4108 329 4148 eum
346 4090 434 4164 vulgo
449 4091 704 4168 philosophantem
718 4098 841 4171 agimus.

225 4270 256 4317 (ll
269 4271 283 4312 ll
294 4280 352 4313 reno
362 4272 401 4313 lla:
413 4286 426 4324 q
432 4278 552 4333 sennrnqu,

225 4362 257 4419 (t)
273 4365 393 4419 leima-rei:
404 4383 476 4422 qurum
486 4375 695 4429 quomodocunque
703 4388 728 4417 se
740 4376 810 4417 aliter
823 4381 867 4417 etc.

226 4454 256 4513 (31
266 4455 283 4500 ll
292 4463 351 4503 teste
359 4459 401 4507 lus:
410 4464 540 4511 iridiritute.
