3442 5108
761 331 937 393 -209-

300 520 394 579 multa
416 519 514 595 habet,
523 517 612 579 ditior
622 519 668 578 cui
689 535 782 596 pauca
802 518 962 592 sufficiunt,
982 519 1144 579 ditissimus
1164 521 1213 596 qui
1234 519 1422 582 haecomnia

300 641 469 700 contemnit:
490 644 590 720 portat
610 657 683 718 quas
703 639 793 698 habet
812 637 945 712 divitias,
958 637 1128 699 divitiarum
1149 641 1286 711 amator,
1312 643 1342 698 et
1362 639 1422 701 illis

299 759 439 836 affligitur
462 779 533 836 quas
555 778 611 819 non
633 759 731 818 habet.
753 755 913 817 Considera
933 757 1062 834 qualiter
1075 758 1156 835 prins
1174 755 1301 818 divitem
1316 776 1381 819 esse
1394 778 1424 819 o·
1501 744 1506 753 ⁸

299 888 427 961 porteat‚
455 899 543 962 quam
563 883 776 962 philosophum.
799 882 839 941 Et
858 899 930 959 rogo
951 898 987 939 ne
1000 883 1031 941 tc
1046 880 1179 940 Platonis
1193 880 1317 940 historia
1334 879 1423 940 fallat

298 1009 329 1066 et
346 1005 525 1080 Aristotelis,
546 1022 669 1082 quorum
691 1005 746 1064 iste
767 1003 860 1063 fertur
882 1001 1036 1080 Speusippi
1056 999 1220 1078 philosophi
1235 999 1365 1060 defuncti
1380 999 1418 1061 ii-

298 1125 388 1186 beltns
409 1144 466 1185 non
492 1126 585 1186 editos
605 1124 724 1185 talentis
739 1122 838 1183 atticis
852 1122 947 1182 tribus
958 1167 966 1195 ‚
979 1119 1169 1198 septuaginta
1183 1119 1297 1181 dnobus
1313 1120 1421 1181 videli-

297 1249 344 1304 cet
367 1262 553 1303 romanorum
576 1262 760 1306 nummorum
781 1244 916 1305 millibus:
939 1245 988 1305 ille
1009 1249 1109 1306 autem
1130 1250 1191 1306 tres
1213 1244 1340 1305 Philolai
1362 1244 1420 1321 Py·

296 1368 440 1444 thagorici
464 1367 554 1427 libros
575 1365 666 1446 (unde
685 1366 839 1425 Timaeum
859 1364 1072 1425 nobilissimum
1092 1365 1175 1425 illum
1190 1364 1337 1441 dialogum
1350 1381 1421 1442 per-

296 1490 399 1551 fecisse
428 1491 549 1570 dicitnr)
571 1491 671 1550 decem
692 1490 814 1549 millium
835 1488 1022 1548 denariorum
1041 1490 1139 1565 precio
1154 1485 1344 1563 comparavit.
1369 1484 1419 1543 Di·

296 1617 354 1676 tari
386 1634 456 1693 ergo
481 1616 562 1695 prins
586 1618 703 1692 oportet
725 1618 756 1674 et
768 1617 869 1691 postea
880 1611 1086 1690 philosophari.
1102 1613 1196 1672 Porro
1209 1609 1281 1672 illud
1295 1629 1314 1670 a
1329 1610 1419 1670 dudm

295 1735 474 1798 famosorum
495 1735 669 1813 sapientium
685 1735 816 1812 gestibus
830 1735 1016 1813 accipiamus,
1031 1740 1064 1795 ut
1078 1735 1277 1812 quantaslibet
1298 1733 1419 1794 divitias

295 1853 373 1912 haud
401 1854 518 1930 quidem
545 1872 596 1930 pro
616 1852 710 1930 gloria
731 1856 761 1913 ct
780 1851 928 1930 opinione,
948 1855 999 1914 sed
1020 1872 1072 1931 pro
1092 1856 1254 1932 sapientiae
1274 1871 1366 1915 verae
1385 1872 1420 1913 a·

295 1975 430 2054 deptione
456 1975 673 2055 profundamus.

752 2192 895 2259 CAPUT
920 2194 976 2258 III.

335 2408 451 2465 Dispositio
464 2407 599 2463 synodorum
615 2420 643 2450 ex
657 2406 743 2449 mundis
752 2407 774 2450 in
783 2407 894 2450 universo.
909 2407 1024 2451 Distinotio
1039 2407 1095 2450 inter
1108 2415 1170 2452 astra
1184 2409 1282 2454 iacentia
1296 2423 1336 2466 par
1349 2423 1374 2453 se

429 2509 452 2545 et
467 2515 507 2558 par
520 2501 587 2545 alind.
599 2501 764 2557 carptanetae,
775 2501 813 2556 qui
826 2509 877 2546 sunt
891 2502 952 2545 circa
965 2502 1019 2547 aiios
1032 2504 1098 2556 soles,
1109 2516 1152 2547 non
1166 2504 1276 2550 videntur.

384 2695 428 2762 Ut
449 2694 548 2759 solem
571 2695 657 2760 hunc
679 2695 766 2759 circa
789 2693 906 2770 Tatina,
931 2694 1033 2771 Luna,
1056 2694 1160 2781 aliger
1182 2696 1328 2779 Hermes,

344 2823 515 2899 Saturnus,
539 2823 650 2887 Venus
674 2826 706 2887 et
730 2822 872 2899 Mavors,
895 2827 928 2890 et
950 2824 1095 2910 Juppiter
1117 2833 1236 2903 errant,

343 2955 385 3021 Et
408 2976 560 3021 numerus
583 2955 668 3021 fasso
691 2956 804 3042 major,
829 2976 903 3021 nam
927 2962 1055 3023 caetera
1078 2959 1174 3024 turba

340 3092 463 3157 Partim
486 3112 543 3177 pro
568 3092 699 3166 vicibus,
722 3092 841 3176 partim
865 3110 929 3155 non
953 3090 1096 3156 cernitur
1120 3110 1271 3175 unquam,

336 3221 390 3286 Sic
413 3223 533 3286 circum
557 3219 593 3287 fit
614 3240 768 3305 quemque
792 3221 905 3285 alium:
931 3240 1005 3285 nam
1028 3219 1098 3307 lege
1121 3242 1250 3288 necesse
1275 3227 1325 3288 est

338 3351 493 3425 Naturae,
519 3347 663 3414 flammas
687 3347 860 3415 fomentum
883 3368 1007 3413 sumere
1031 3348 1070 3413 ab
1094 3348 1197 3415 undio.

335 3481 490 3546 Maximu'
515 3481 560 3566 (l)
584 3479 710 3564 quando
726 3480 777 3546 hic
794 3480 866 3547 vult
880 3482 999 3547 circum
1017 3480 1153 3566 undique
1168 3481 1267 3550 multa
1287 3486 1413 3551 minora

338 3611 497 3684 Mutuum,
522 3607 571 3696 (2)
597 3615 632 3677 ut
655 3612 742 3677 vires
766 3612 949 3688 immittant,
974 3617 1068 3696 atque
1090 3615 1256 3682 remittant

335 3738 515 3811 Profiouas3
541 3737 594 3802 ubi
618 3739 809 3803 conveniens
832 3738 984 3806 distantia
1008 3761 1116 3825 pacem

335 3863 500 3941 Conciliat
524 3884 598 3929 nam
621 3865 660 3930 de
682 3865 827 3932 adversis
851 3868 920 3934 vita
944 3875 1041 3953 atque
1065 3873 1226 3938 nutrimen

337 3996 483 4072 Devenit,
508 3995 701 4061 harmonicis
724 3997 799 4080 quia
821 3999 957 4082 seposita
980 3999 1158 4067 intervallis

332 4125 545 4202 Concurrunt,
571 4133 736 4211 motusque
760 4148 861 4212 vagos
885 4109 1106 4216 contemperat
1129 4139 1249 4201 aestus.

314 4309 343 4363 (l)
358 4309 373 4351 ΙΙ
383 4317 440 4352 tosto
450 4310 491 4351 ho:
506 4312 630 4353 montom:
645 4317 681 4352 sta
694 4323 734 4366 per
748 4315 878 4364 maxumae*
893 4314 968 4368 percio
982 4316 1027 4360 l'ho
1040 4324 1133 4372 adgnato
1146 4329 1188 4364 eon
1202 4319 1292 4379 l'apost.
1313 4321 1341 4367 fo.

314 4402 345 4457 (2)
356 4402 440 4451 Quare
451 4401 537 4456 virgata
548 4402 589 4446 eta
598 4401 732 4458 precedente
741 4415 850 4448 mancano
861 4406 898 4449 net
908 4413 975 4451 testo,

1253 4507 1289 4568 27
