<?xml version="1.0" encoding="UTF-8"?>
<!DOCTYPE html PUBLIC "-//W3C//DTD XHTML 1.0 Transitional//EN"
    "http://www.w3.org/TR/xhtml1/DTD/xhtml1-transitional.dtd">
<html xmlns="http://www.w3.org/1999/xhtml" xml:lang="en" lang="en">
 <head>
  <title>
</title>
<meta http-equiv="Content-Type" content="text/html;charset=utf-8" />
  <meta name='ocr-system' content='tesseract 3.04.00' />
  <meta name='ocr-capabilities' content='ocr_page ocr_carea ocr_par ocr_line ocrx_word'/>
</head>
<body>
  <div class='ocr_page' id='page_1' title='image "./jordanibruninol04brungoog_0204.png"; bbox 0 0 3442 5108; ppageno 0'>
   <div class='ocr_carea' id='block_1_1' title="bbox 679 360 855 420">
    <p class='ocr_par' dir='ltr' id='par_1_1' title="bbox 679 360 855 420">
     <span class='ocr_line' id='line_1_1' title="bbox 679 360 855 420; baseline 0 -1"><span class='ocrx_word' id='word_1_1' title='bbox 679 360 855 420; x_wconf 76' lang='lat'>—157-</span> 
     </span>
    </p>
   </div>
   <div class='ocr_carea' id='block_1_2' title="bbox 204 546 1328 1405">
    <p class='ocr_par' dir='ltr' id='par_1_2' title="bbox 204 546 1328 1264">
     <span class='ocr_line' id='line_1_2' title="bbox 204 546 1328 649; baseline 0.001 -26"><span class='ocrx_word' id='word_1_2' title='bbox 204 547 340 624; x_wconf 86' lang='lat' dir='ltr'>uarias.</span> <span class='ocrx_word' id='word_1_3' title='bbox 361 547 522 649; x_wconf 82' lang='lat' dir='ltr'>Tempus</span> <span class='ocrx_word' id='word_1_4' title='bbox 542 546 694 648; x_wconf 87' lang='lat' dir='ltr'>inquam</span> <span class='ocrx_word' id='word_1_5' title='bbox 723 547 895 649; x_wconf 76' lang='lat' dir='ltr'>physice,</span> <span class='ocrx_word' id='word_1_6' title='bbox 925 547 1074 624; x_wconf 72' lang='lat' dir='ltr'>realiter</span> <span class='ocrx_word' id='word_1_7' title='bbox 1093 551 1130 623; x_wconf 86' lang='lat' dir='ltr'>et</span> <span class='ocrx_word' id='word_1_8' title='bbox 1153 574 1241 624; x_wconf 86' lang='lat' dir='ltr'>vere</span> <span class='ocrx_word' id='word_1_9' title='bbox 1270 552 1328 625; x_wconf 88' lang='lat' dir='ltr'>est</span> 
     </span>
     <span class='ocr_line' id='line_1_3' title="bbox 204 673 1327 776; baseline 0.004 -28"><span class='ocrx_word' id='word_1_10' title='bbox 204 673 403 767; x_wconf 87' lang='lat' dir='ltr'>infinitum,</span> <span class='ocrx_word' id='word_1_11' title='bbox 419 673 637 775; x_wconf 85' lang='lat' dir='ltr'>magnitudo</span> <span class='ocrx_word' id='word_1_12' title='bbox 648 677 775 749; x_wconf 88' lang='lat' dir='ltr'>autem</span> <span class='ocrx_word' id='word_1_13' title='bbox 795 675 1019 776; x_wconf 71' lang='lat' dir='ltr'>geometrice</span> <span class='ocrx_word' id='word_1_14' title='bbox 1034 679 1070 750; x_wconf 90' lang='lat' dir='ltr'>et</span> <span class='ocrx_word' id='word_1_15' title='bbox 1081 675 1194 752; x_wconf 90' lang='lat' dir='ltr'>varie.</span> <span class='ocrx_word' id='word_1_16' title='bbox 1212 677 1327 752; x_wconf 87' lang='lat' dir='ltr'>Tem-</span> 
     </span>
     <span class='ocr_line' id='line_1_4' title="bbox 204 801 1328 908; baseline 0.006 -34"><span class='ocrx_word' id='word_1_17' title='bbox 204 801 283 902; x_wconf 90' lang='lat' dir='ltr'>pori</span> <span class='ocrx_word' id='word_1_18' title='bbox 311 801 400 878; x_wconf 91' lang='lat' dir='ltr'>item</span> <span class='ocrx_word' id='word_1_19' title='bbox 429 803 592 878; x_wconf 74' lang='lat' dir='ltr'>infinitas</span> <span class='ocrx_word' id='word_1_20' title='bbox 621 808 678 878; x_wconf 87' lang='lat' dir='ltr'>est</span> <span class='ocrx_word' id='word_1_21' title='bbox 693 803 730 878; x_wconf 92' lang='lat' dir='ltr'>in</span> <span class='ocrx_word' id='word_1_22' title='bbox 758 805 877 905; x_wconf 74' lang='lat' dir='ltr'>pra-xi,</span> <span class='ocrx_word' id='word_1_23' title='bbox 907 806 994 905; x_wconf 88' lang='lat' dir='ltr'>quia</span> <span class='ocrx_word' id='word_1_24' title='bbox 1018 831 1163 907; x_wconf 83' lang='lat' dir='ltr'>semper</span> <span class='ocrx_word' id='word_1_25' title='bbox 1181 810 1328 908; x_wconf 87' lang='lat' dir='ltr'>partem</span> 
     </span>
     <span class='ocr_line' id='line_1_5' title="bbox 204 928 1328 1031; baseline 0.004 -27"><span class='ocrx_word' id='word_1_26' title='bbox 204 928 303 1004; x_wconf 87' lang='lat' dir='ltr'>ultra</span> <span class='ocrx_word' id='word_1_27' title='bbox 322 933 466 1030; x_wconf 88' lang='lat' dir='ltr'>partem</span> <span class='ocrx_word' id='word_1_28' title='bbox 494 929 581 1005; x_wconf 89' lang='lat' dir='ltr'>licet</span> <span class='ocrx_word' id='word_1_29' title='bbox 609 929 788 1029; x_wconf 84' lang='lat' dir='ltr'>accipere,</span> <span class='ocrx_word' id='word_1_30' title='bbox 818 931 1066 1031; x_wconf 79' lang='lat' dir='ltr'>magnitudini</span> <span class='ocrx_word' id='word_1_31' title='bbox 1087 958 1176 1008; x_wconf 88' lang='lat' dir='ltr'>vero</span> <span class='ocrx_word' id='word_1_32' title='bbox 1205 939 1261 1008; x_wconf 89' lang='lat' dir='ltr'>est</span> <span class='ocrx_word' id='word_1_33' title='bbox 1289 933 1328 1009; x_wconf 90' lang='lat' dir='ltr'>in</span> 
     </span>
     <span class='ocr_line' id='line_1_6' title="bbox 204 1057 1326 1161; baseline 0.004 -29"><span class='ocrx_word' id='word_1_34' title='bbox 204 1057 404 1158; x_wconf 79' lang='lat' dir='ltr'>phantasia</span> <span class='ocrx_word' id='word_1_35' title='bbox 422 1059 556 1134; x_wconf 83' lang='lat' dir='ltr'>infiniti</span> <span class='ocrx_word' id='word_1_36' title='bbox 576 1058 742 1134; x_wconf 91' lang='lat' dir='ltr'>continui</span> <span class='ocrx_word' id='word_1_37' title='bbox 770 1059 808 1134; x_wconf 95' lang='lat' dir='ltr'>in</span> <span class='ocrx_word' id='word_1_38' title='bbox 832 1083 979 1161; x_wconf 88' lang='lat' dir='ltr'>semper</span> <span class='ocrx_word' id='word_1_39' title='bbox 1007 1060 1205 1135; x_wconf 80' lang='lat' dir='ltr'>divisibilia</span> <span class='ocrx_word' id='word_1_40' title='bbox 1225 1060 1326 1136; x_wconf 93' lang='lat' dir='ltr'>divi-</span> 
     </span>
     <span class='ocr_line' id='line_1_7' title="bbox 205 1187 333 1264; baseline 0.016 -2"><span class='ocrx_word' id='word_1_41' title='bbox 205 1187 333 1264; x_wconf 85' lang='lat' dir='ltr'>sibilis.</span> 
     </span>
    </p>

    <p class='ocr_par' dir='ltr' id='par_1_3' title="bbox 490 1334 1062 1405">
     <span class='ocr_line' id='line_1_8' title="bbox 490 1334 1062 1405; baseline -0.009 0"><span class='ocrx_word' id='word_1_42' title='bbox 490 1338 620 1405; x_wconf 70' lang='lat' dir='ltr'>cireen</span> <span class='ocrx_word' id='word_1_43' title='bbox 645 1334 870 1402; x_wconf 86' lang='lat' dir='ltr'>SEPTIlllUlll</span> <span class='ocrx_word' id='word_1_44' title='bbox 895 1335 1062 1400; x_wconf 77' lang='lat' dir='ltr'>LIBRUM</span> 
     </span>
    </p>
   </div>
   <div class='ocr_carea' id='block_1_3' title="bbox 660 1596 886 1650">
    <p class='ocr_par' dir='ltr' id='par_1_4' title="bbox 660 1596 886 1650">
     <span class='ocr_line' id='line_1_9' title="bbox 660 1596 886 1650; baseline 0.009 -3"><span class='ocrx_word' id='word_1_45' title='bbox 660 1596 779 1650; x_wconf 85' lang='lat' dir='ltr'><strong>ARTIC.</strong></span> <span class='ocrx_word' id='word_1_46' title='bbox 800 1598 886 1649; x_wconf 84' lang='lat' dir='ltr'>XLV.</span> 
     </span>
    </p>
   </div>
   <div class='ocr_carea' id='block_1_4' title="bbox 204 1824 1330 2410">
    <p class='ocr_par' dir='ltr' id='par_1_5' title="bbox 204 1824 1330 2282">
     <span class='ocr_line' id='line_1_10' title="bbox 260 1824 1330 1929; baseline -0.005 -25"><span class='ocrx_word' id='word_1_47' title='bbox 260 1828 320 1904; x_wconf 81' lang='lat' dir='ltr'>Ex</span> <span class='ocrx_word' id='word_1_48' title='bbox 340 1827 414 1902; x_wconf 88' lang='lat' dir='ltr'>suis</span> <span class='ocrx_word' id='word_1_49' title='bbox 429 1825 618 1929; x_wconf 82' lang='lat' dir='ltr'>principiis</span> <span class='ocrx_word' id='word_1_50' title='bbox 634 1826 740 1917; x_wconf 82' lang='lat' dir='ltr'>(velit</span> <span class='ocrx_word' id='word_1_51' title='bbox 764 1825 874 1929; x_wconf 85' lang='lat' dir='ltr'>nolit)</span> <span class='ocrx_word' id='word_1_52' title='bbox 903 1825 1010 1902; x_wconf 85' lang='lat' dir='ltr'>latori</span> <span class='ocrx_word' id='word_1_53' title='bbox 1027 1825 1135 1900; x_wconf 86' lang='lat' dir='ltr'>debet</span> <span class='ocrx_word' id='word_1_54' title='bbox 1150 1824 1330 1900; x_wconf 80' lang='lat' dir='ltr'>Aristote-</span> 
     </span>
     <span class='ocr_line' id='line_1_11' title="bbox 205 1949 1330 2052; baseline -0.004 -24"><span class='ocrx_word' id='word_1_55' title='bbox 205 1953 270 2045; x_wconf 92' lang='lat' dir='ltr'>les,</span> <span class='ocrx_word' id='word_1_56' title='bbox 286 1958 429 2030; x_wconf 89' lang='lat' dir='ltr'>motum</span> <span class='ocrx_word' id='word_1_57' title='bbox 446 1953 666 2029; x_wconf 89' lang='lat' dir='ltr'>circularem</span> <span class='ocrx_word' id='word_1_58' title='bbox 681 1953 798 2028; x_wconf 93' lang='lat' dir='ltr'>motui</span> <span class='ocrx_word' id='word_1_59' title='bbox 814 1956 915 2028; x_wconf 89' lang='lat' dir='ltr'>recto</span> <span class='ocrx_word' id='word_1_60' title='bbox 932 1949 1217 2052; x_wconf 75' lang='lat' dir='ltr'>comparabilem</span> <span class='ocrx_word' id='word_1_61' title='bbox 1232 1975 1330 2043; x_wconf 91' lang='lat' dir='ltr'>esse,</span> 
     </span>
     <span class='ocr_line' id='line_1_12' title="bbox 204 2079 1326 2182; baseline -0.001 -26"><span class='ocrx_word' id='word_1_62' title='bbox 204 2104 291 2156; x_wconf 91' lang='lat' dir='ltr'>cum</span> <span class='ocrx_word' id='word_1_63' title='bbox 311 2080 447 2157; x_wconf 78' lang='lat' dir='ltr'>alicubi</span> <span class='ocrx_word' id='word_1_64' title='bbox 476 2079 733 2182; x_wconf 86' lang='lat' dir='ltr'>tetragonismi</span> <span class='ocrx_word' id='word_1_65' title='bbox 767 2081 1048 2180; x_wconf 83' lang='lat' dir='ltr'>possibilitatem</span> <span class='ocrx_word' id='word_1_66' title='bbox 1077 2082 1260 2180; x_wconf 87' lang='lat' dir='ltr'>supponat</span> <span class='ocrx_word' id='word_1_67' title='bbox 1287 2082 1326 2155; x_wconf 89' lang='lat' dir='ltr'>et</span> 
     </span>
     <span class='ocr_line' id='line_1_13' title="bbox 207 2211 362 2282; baseline 0 -1"><span class='ocrx_word' id='word_1_68' title='bbox 207 2211 362 2282; x_wconf 86' lang='lat' dir='ltr'>asserat.</span> 
     </span>
    </p>

    <p class='ocr_par' dir='ltr' id='par_1_6' title="bbox 707 2359 828 2410">
     <span class='ocr_line' id='line_1_14' title="bbox 707 2359 828 2410; baseline 0.008 -1"><span class='ocrx_word' id='word_1_69' title='bbox 707 2359 828 2410; x_wconf 79' lang='lat' dir='ltr'>narie.</span> 
     </span>
    </p>
   </div>
   <div class='ocr_carea' id='block_1_5' title="bbox 203 2589 1330 3591">
    <p class='ocr_par' dir='ltr' id='par_1_7' title="bbox 203 2589 1330 3591">
     <span class='ocr_line' id='line_1_15' title="bbox 256 2589 1324 2695; baseline -0.004 -26"><span class='ocrx_word' id='word_1_70' title='bbox 256 2594 381 2670; x_wconf 84' lang='lat' dir='ltr'>Motus</span> <span class='ocrx_word' id='word_1_71' title='bbox 410 2618 499 2668; x_wconf 89' lang='lat' dir='ltr'>saue</span> <span class='ocrx_word' id='word_1_72' title='bbox 528 2592 719 2669; x_wconf 86' lang='lat' dir='ltr'>circularis</span> <span class='ocrx_word' id='word_1_73' title='bbox 735 2599 837 2672; x_wconf 92' lang='lat' dir='ltr'>recto</span> <span class='ocrx_word' id='word_1_74' title='bbox 862 2589 1120 2695; x_wconf 85' lang='lat' dir='ltr'>comparabilis</span> <span class='ocrx_word' id='word_1_75' title='bbox 1140 2593 1208 2683; x_wconf 87' lang='lat' dir='ltr'>est,</span> <span class='ocrx_word' id='word_1_76' title='bbox 1224 2591 1253 2666; x_wconf 94' lang='lat' dir='ltr'>si</span> <span class='ocrx_word' id='word_1_77' title='bbox 1283 2590 1324 2666; x_wconf 93' lang='lat' dir='ltr'>li-</span> 
     </span>
     <span class='ocr_line' id='line_1_16' title="bbox 205 2718 1326 2827; baseline -0.003 -29"><span class='ocrx_word' id='word_1_78' title='bbox 205 2749 315 2799; x_wconf 87' lang='lat' dir='ltr'>neam</span> <span class='ocrx_word' id='word_1_79' title='bbox 332 2727 472 2799; x_wconf 85' lang='lat' dir='ltr'>rectam</span> <span class='ocrx_word' id='word_1_80' title='bbox 493 2747 710 2824; x_wconf 90' lang='lat' dir='ltr'>comparare</span> <span class='ocrx_word' id='word_1_81' title='bbox 738 2725 910 2801; x_wconf 89' lang='lat' dir='ltr'>circulari</span> <span class='ocrx_word' id='word_1_82' title='bbox 926 2719 1099 2827; x_wconf 91' lang='lat' dir='ltr'>possibile</span> <span class='ocrx_word' id='word_1_83' title='bbox 1114 2721 1193 2809; x_wconf 87' lang='lat' dir='ltr'>est;</span> <span class='ocrx_word' id='word_1_84' title='bbox 1221 2718 1326 2820; x_wconf 85' lang='lat' dir='ltr'>sique</span> 
     </span>
     <span class='ocr_line' id='line_1_17' title="bbox 203 2844 1330 2953; baseline -0.003 -30"><span class='ocrx_word' id='word_1_85' title='bbox 203 2850 381 2951; x_wconf 88' lang='lat' dir='ltr'>temporis</span> <span class='ocrx_word' id='word_1_86' title='bbox 397 2849 631 2941; x_wconf 85' lang='lat' dir='ltr'>continuitas,</span> <span class='ocrx_word' id='word_1_87' title='bbox 647 2856 771 2927; x_wconf 89' lang='lat' dir='ltr'>motus</span> <span class='ocrx_word' id='word_1_88' title='bbox 788 2851 1025 2953; x_wconf 89' lang='lat' dir='ltr'>corporisque</span> <span class='ocrx_word' id='word_1_89' title='bbox 1040 2844 1186 2922; x_wconf 81' lang='lat' dir='ltr'>mobilis</span> <span class='ocrx_word' id='word_1_90' title='bbox 1214 2845 1330 2920; x_wconf 86' lang='lat' dir='ltr'>conti·</span> 
     </span>
     <span class='ocr_line' id='line_1_18' title="bbox 204 2973 1329 3082; baseline -0.001 -32"><span class='ocrx_word' id='word_1_91' title='bbox 204 2976 386 3051; x_wconf 86' lang='lat' dir='ltr'>nuitatem</span> <span class='ocrx_word' id='word_1_92' title='bbox 402 2976 653 3077; x_wconf 81' lang='lat' dir='ltr'>corisequitur,</span> <span class='ocrx_word' id='word_1_93' title='bbox 666 3005 732 3054; x_wconf 91' lang='lat' dir='ltr'>cur</span> <span class='ocrx_word' id='word_1_94' title='bbox 743 3005 817 3056; x_wconf 91' lang='lat' dir='ltr'>non</span> <span class='ocrx_word' id='word_1_95' title='bbox 832 2979 1023 3082; x_wconf 83' lang='lat' dir='ltr'>proportio</span> <span class='ocrx_word' id='word_1_96' title='bbox 1039 2976 1109 3051; x_wconf 86' lang='lat' dir='ltr'>erit.</span> <span class='ocrx_word' id='word_1_97' title='bbox 1124 2975 1221 3050; x_wconf 88' lang='lat' dir='ltr'>inter</span> <span class='ocrx_word' id='word_1_98' title='bbox 1232 2973 1329 3049; x_wconf 92' lang='lat' dir='ltr'>velo·</span> 
     </span>
     <span class='ocr_line' id='line_1_19' title="bbox 204 3102 1326 3210; baseline 0.001 -34"><span class='ocrx_word' id='word_1_99' title='bbox 204 3102 355 3177; x_wconf 85' lang='lat' dir='ltr'>citatem</span> <span class='ocrx_word' id='word_1_100' title='bbox 371 3108 407 3179; x_wconf 90' lang='lat' dir='ltr'>et</span> <span class='ocrx_word' id='word_1_101' title='bbox 423 3104 637 3180; x_wconf 82' lang='lat' dir='ltr'>tarditatem</span> <span class='ocrx_word' id='word_1_102' title='bbox 666 3106 703 3182; x_wconf 92' lang='lat' dir='ltr'>in</span> <span class='ocrx_word' id='word_1_103' title='bbox 726 3113 831 3185; x_wconf 89' lang='lat' dir='ltr'>motu</span> <span class='ocrx_word' id='word_1_104' title='bbox 860 3134 925 3210; x_wconf 94' lang='lat' dir='ltr'>per</span> <span class='ocrx_word' id='word_1_105' title='bbox 945 3108 1036 3183; x_wconf 90' lang='lat' dir='ltr'>duas</span> <span class='ocrx_word' id='word_1_106' title='bbox 1052 3105 1168 3181; x_wconf 89' lang='lat' dir='ltr'>lineae</span> <span class='ocrx_word' id='word_1_107' title='bbox 1184 3103 1326 3204; x_wconf 89' lang='lat' dir='ltr'>species</span> 
     </span>
     <span class='ocr_line' id='line_1_20' title="bbox 205 3229 1328 3338; baseline -0.001 -33"><span class='ocrx_word' id='word_1_108' title='bbox 205 3231 396 3332; x_wconf 82' lang='lat' dir='ltr'>regulares</span> <span class='ocrx_word' id='word_1_109' title='bbox 412 3234 425 3308; x_wconf 82' lang='lat' dir='ltr'>&#39;l</span> <span class='ocrx_word' id='word_1_110' title='bbox 442 3233 513 3309; x_wconf 84' lang='lat' dir='ltr'>Sed</span> <span class='ocrx_word' id='word_1_111' title='bbox 529 3235 572 3309; x_wconf 90' lang='lat' dir='ltr'>de</span> <span class='ocrx_word' id='word_1_112' title='bbox 588 3235 632 3310; x_wconf 92' lang='lat' dir='ltr'>iis</span> <span class='ocrx_word' id='word_1_113' title='bbox 649 3262 742 3338; x_wconf 89' lang='lat' dir='ltr'>quae</span> <span class='ocrx_word' id='word_1_114' title='bbox 756 3241 844 3312; x_wconf 91' lang='lat' dir='ltr'>sunt</span> <span class='ocrx_word' id='word_1_115' title='bbox 863 3236 962 3312; x_wconf 88' lang='lat' dir='ltr'>circa</span> <span class='ocrx_word' id='word_1_116' title='bbox 977 3229 1193 3336; x_wconf 86' lang='lat' dir='ltr'>geometrici</span> <span class='ocrx_word' id='word_1_117' title='bbox 1215 3231 1328 3304; x_wconf 87' lang='lat' dir='ltr'>tetra-</span> 
     </span>
     <span class='ocr_line' id='line_1_21' title="bbox 204 3357 1327 3464; baseline -0.004 -32"><span class='ocrx_word' id='word_1_118' title='bbox 204 3359 364 3458; x_wconf 90' lang='lat' dir='ltr'>gonismi</span> <span class='ocrx_word' id='word_1_119' title='bbox 381 3362 673 3461; x_wconf 87' lang='lat' dir='ltr'>possibilitatem,</span> <span class='ocrx_word' id='word_1_120' title='bbox 689 3363 826 3464; x_wconf 86' lang='lat' dir='ltr'>partim</span> <span class='ocrx_word' id='word_1_121' title='bbox 839 3365 898 3439; x_wconf 69' lang='lat' dir='ltr'>ulii</span> <span class='ocrx_word' id='word_1_122' title='bbox 919 3363 963 3439; x_wconf 92' lang='lat' dir='ltr'>de</span> <span class='ocrx_word' id='word_1_123' title='bbox 983 3360 1116 3438; x_wconf 91' lang='lat' dir='ltr'>somnii</span> <span class='ocrx_word' id='word_1_124' title='bbox 1137 3357 1327 3456; x_wconf 88' lang='lat' dir='ltr'>intorpre-</span> 
     </span>
     <span class='ocr_line' id='line_1_22' title="bbox 203 3483 1281 3591; baseline -0.002 -34"><span class='ocrx_word' id='word_1_125' title='bbox 203 3483 344 3559; x_wconf 90' lang='lat' dir='ltr'>tatione</span> <span class='ocrx_word' id='word_1_126' title='bbox 369 3486 621 3581; x_wconf 88' lang='lat' dir='ltr'>discussimus,</span> <span class='ocrx_word' id='word_1_127' title='bbox 642 3489 776 3591; x_wconf 88' lang='lat' dir='ltr'>partim</span> <span class='ocrx_word' id='word_1_128' title='bbox 797 3489 878 3564; x_wconf 90' lang='lat' dir='ltr'>aliis</span> <span class='ocrx_word' id='word_1_129' title='bbox 895 3490 930 3566; x_wconf 91' lang='lat' dir='ltr'>in</span> <span class='ocrx_word' id='word_1_130' title='bbox 946 3489 1036 3566; x_wconf 89' lang='lat' dir='ltr'>locis</span> <span class='ocrx_word' id='word_1_131' title='bbox 1051 3485 1281 3565; x_wconf 88' lang='lat' dir='ltr'>definiemus.</span> 
     </span>
    </p>
   </div>
   <div class='ocr_carea' id='block_1_6' title="bbox 305 3736 1216 3918">
    <p class='ocr_par' dir='ltr' id='par_1_8' title="bbox 305 3736 1216 3918">
     <span class='ocr_line' id='line_1_23' title="bbox 305 3736 1216 3817; baseline -0.002 -14"><span class='ocrx_word' id='word_1_132' title='bbox 305 3737 434 3803; x_wconf 74' lang='lat' dir='ltr'>cinca</span> <span class='ocrx_word' id='word_1_133' title='bbox 461 3737 671 3805; x_wconf 70' lang='lat' dir='ltr'><strong>OCTAVUM</strong></span> <span class='ocrx_word' id='word_1_134' title='bbox 698 3744 874 3817; x_wconf 79' lang='lat' dir='ltr'>LIBRUM,</span> <span class='ocrx_word' id='word_1_135' title='bbox 899 3741 972 3806; x_wconf 90' lang='lat' dir='ltr'>UBI</span> <span class='ocrx_word' id='word_1_136' title='bbox 997 3740 1052 3805; x_wconf 81' lang='lat' dir='ltr'>DE</span> <span class='ocrx_word' id='word_1_137' title='bbox 1077 3736 1216 3802; x_wconf 84' lang='lat' dir='ltr'>PRllllO</span> 
     </span>
     <span class='ocr_line' id='line_1_24' title="bbox 560 3850 971 3918; baseline -0.002 -4"><span class='ocrx_word' id='word_1_138' title='bbox 560 3851 680 3916; x_wconf 87' lang='lat' dir='ltr'>MOTU</span> <span class='ocrx_word' id='word_1_139' title='bbox 706 3852 758 3915; x_wconf 88' lang='lat' dir='ltr'>ET</span> <span class='ocrx_word' id='word_1_140' title='bbox 782 3850 971 3918; x_wconf 82' lang='lat' dir='ltr'>MOTORE.</span> 
     </span>
    </p>
   </div>
   <div class='ocr_carea' id='block_1_7' title="bbox 654 4061 886 4114">
    <p class='ocr_par' dir='ltr' id='par_1_9' title="bbox 654 4061 886 4114">
     <span class='ocr_line' id='line_1_25' title="bbox 654 4061 886 4114; baseline -0.009 0"><span class='ocrx_word' id='word_1_141' title='bbox 654 4062 773 4114; x_wconf 72' lang='lat' dir='ltr'>name.</span> <span class='ocrx_word' id='word_1_142' title='bbox 789 4061 886 4113; x_wconf 82' lang='lat' dir='ltr'>XLVI.</span> 
     </span>
    </p>
   </div>
   <div class='ocr_carea' id='block_1_8' title="bbox 204 4245 1323 4482">
    <p class='ocr_par' dir='ltr' id='par_1_10' title="bbox 204 4245 1323 4482">
     <span class='ocr_line' id='line_1_26' title="bbox 258 4245 1323 4329; baseline 0.008 -11"><span class='ocrx_word' id='word_1_143' title='bbox 258 4247 364 4329; x_wconf 73' lang='lat' dir='ltr'>tluod</span> <span class='ocrx_word' id='word_1_144' title='bbox 380 4247 468 4323; x_wconf 88' lang='lat' dir='ltr'>dicit</span> <span class='ocrx_word' id='word_1_145' title='bbox 485 4247 703 4323; x_wconf 62' lang='lat' dir='ltr'>Aristoteles</span> <span class='ocrx_word' id='word_1_146' title='bbox 719 4245 895 4323; x_wconf 87' lang='lat' dir='ltr'>lationem</span> <span class='ocrx_word' id='word_1_147' title='bbox 910 4247 1067 4325; x_wconf 86' lang='lat' dir='ltr'>caeteris</span> <span class='ocrx_word' id='word_1_148' title='bbox 1087 4249 1249 4326; x_wconf 81' lang='lat' dir='ltr'>motibus</span> <span class='ocrx_word' id='word_1_149' title='bbox 1260 4273 1323 4325; x_wconf 87' lang='lat' dir='ltr'>es·</span> 
     </span>
     <span class='ocr_line' id='line_1_27' title="bbox 204 4376 850 4482; baseline 0.006 -32"><span class='ocrx_word' id='word_1_150' title='bbox 204 4399 243 4451; x_wconf 89' lang='lat' dir='ltr'>so</span> <span class='ocrx_word' id='word_1_151' title='bbox 259 4376 431 4477; x_wconf 88' lang='lat' dir='ltr'>priorem,</span> <span class='ocrx_word' id='word_1_152' title='bbox 447 4403 522 4455; x_wconf 92' lang='lat' dir='ltr'>non</span> <span class='ocrx_word' id='word_1_153' title='bbox 543 4381 718 4482; x_wconf 79' lang='lat' dir='ltr'>probatur</span> <span class='ocrx_word' id='word_1_154' title='bbox 733 4378 850 4454; x_wconf 83' lang='lat' dir='ltr'>nobis.</span> 
     </span>
    </p>
   </div>
   <div class='ocr_carea' id='block_1_9' title="bbox 0 0 1728 5108">
    <p class='ocr_par' dir='ltr' id='par_1_11' title="bbox 0 0 1728 5108">
     <span class='ocr_line' id='line_1_28' title="bbox 0 0 1728 5108; baseline 0 0"><span class='ocrx_word' id='word_1_155' title='bbox 0 0 1728 5108; x_wconf 95' lang='lat' dir='ltr'> </span> 
     </span>
    </p>
   </div>
  </div>
 </body>
</html>
