3442 5108
669 279 844 341 -1492-

193 493 282 544 num
303 490 382 543 esse
402 466 531 559 voluit,
543 467 670 544 etideo
684 493 759 546 non
774 471 917 575 accepit
936 472 1142 551 durationis
1154 477 1316 578 speciem

192 597 374 683 absolute,
394 597 459 672 sed
478 597 683 673 secundum
702 623 782 674 esse
801 599 847 675 ad
867 599 1054 701 quandam
1073 606 1197 677 motus
1225 628 1314 704 spe-

163 749 170 764 ·
194 727 288 802 ciem
308 728 554 801 contractum.
574 724 613 801 Si
634 750 818 828 nusquam
838 726 953 828 igitur
964 727 1093 803 luisset
1107 733 1243 820 motus,
1265 728 1316 804 di-

194 878 327 929 versae
346 875 421 928 non
440 855 566 928 essent
584 851 791 928 durationis
802 853 955 954 species,
976 854 1040 929 sed
1060 879 1147 946 una,
1168 858 1206 930 et
1234 854 1313 931 sine

195 980 345 1057 nomine
365 978 478 1080 (quod
498 1005 520 1054 a
538 977 747 1056 differentia
765 981 946 1081 originem
963 982 1090 1086 habet)
1100 983 1315 1062 aeternitas.

197 1107 271 1184 Sed
290 1108 320 1184 si
330 1112 519 1211 ponantur
538 1110 663 1186 omnia
681 1111 884 1213 quiescere,
905 1138 1161 1191 curnumerus
1181 1119 1319 1217 tempo·

196 1234 250 1309 ris
270 1259 293 1309 a
311 1260 467 1311 numero
483 1239 606 1311 motus
617 1237 759 1313 absolvi
779 1244 950 1339 nequeat,
971 1265 1040 1341 ego
1059 1265 1134 1316 non
1153 1240 1243 1316 satis
1259 1241 1320 1316 vi-

196 1360 284 1437 dere
298 1386 461 1464 possum,
478 1362 550 1438 nisi
564 1388 632 1464 pro
643 1365 825 1467 principio
844 1365 1002 1443 habeam
1022 1372 1063 1442 ut
1077 1368 1256 1469 temporis
1271 1367 1315 1443 si-

196 1488 384 1589 gnificatio
404 1488 556 1584 omnino
571 1488 645 1592 legi
674 1488 771 1567 illius
798 1491 1063 1593 peripateticae
1090 1493 1315 1570 definitionis

196 1622 386 1696 coarctata
404 1619 464 1711 sit,
479 1618 729 1721 potiusquam
747 1618 806 1723 (ut
824 1619 902 1695 fieri
918 1617 1041 1722 debet)
1060 1620 1238 1721 temporis
1258 1646 1313 1696 ra·

197 1746 248 1821 tio
267 1752 348 1823 tum
368 1747 537 1824 absolute
552 1753 632 1824 tum
652 1748 858 1849 respective
876 1748 1055 1850 capiatur,
1078 1753 1119 1825 ut
1137 1755 1218 1825 tum
1238 1774 1312 1826 uuo

197 1879 276 1951 tum
291 1875 364 1951 alio
383 1877 493 1952 modo
513 1877 572 1963 sit;
588 1902 636 1953 ex
656 1877 701 1953 iis
721 1881 847 1954 autem
857 1878 975 1954 modis
985 1883 1132 1981 tempus
1151 1904 1226 1955 non
1241 1904 1319 1956 mo

200 2007 247 2082 do
266 2010 308 2082 ut
327 2010 470 2081 motum
488 2030 701 2097 numerans,
722 2010 833 2109 atque
853 2031 1087 2093 mensurans,
1107 2008 1171 2084 sed
1191 2010 1233 2084 ut
1250 2033 1318 2110 per

200 2137 342 2210 motum
370 2138 626 2211 mensuratum
655 2139 965 2239 numeratumque
1003 2137 1183 2239 capiatur.
1213 2128 1320 2221 Quod

199 2265 327 2336 autem
346 2260 392 2335 ad
411 2260 574 2361 quietem
589 2260 735 2354 attinet,
756 2266 793 2338 et
820 2261 918 2339 hano
946 2288 1014 2365 per
1041 2269 1184 2340 motum
1212 2284 1321 2342 men-

200 2388 322 2464 surari
350 2388 506 2465 dicimus
540 2394 651 2492 atque
683 2393 842 2491 tompus;
878 2390 976 2492 quod
1004 2391 1034 2466 si
1063 2390 1188 2467 omnia
1225 2390 1325 2493 quie-

199 2518 335 2611 verint,
354 2544 429 2594 non
449 2524 646 2622 propterea
666 2518 808 2595 desinet
835 2523 982 2620 tempus
1011 2543 1093 2594 esse
1117 2517 1321 2595 durationis

200 2670 387 2736 mensura,
417 2646 504 2745 quia
532 2672 607 2722 una
634 2646 705 2722 erit
733 2645 899 2720 omnium
928 2643 1087 2735 duratio,
1108 2669 1184 2720 una
1203 2643 1318 2745 quies.

200 2772 307 2849 Unde
327 2772 422 2847 sicut
437 2773 545 2848 rebus
566 2773 687 2863 motis,
709 2772 820 2849 unius
840 2775 984 2848 motum
999 2797 1064 2874 per
1078 2771 1232 2849 alterius
1247 2798 1324 2850 mo·

201 2907 281 2978 tum
292 2902 517 3001 judicamus,
548 2901 599 2977 ita
619 2901 845 2976 tuncunius
874 2899 1034 3001 quictem
1063 2924 1129 3001 per
1157 2900 1324 2976 omnium

202 3029 375 3129 quietem,
405 3031 441 3102 et
469 3028 635 3104 omnium
655 3027 817 3129 quietem
837 3050 903 3126 per
923 3025 1033 3101 unius
1053 3025 1216 3126 quietem
1235 3022 1323 3128 (nisi

202 3154 502 3257 inaequalitatem
530 3155 574 3231 de
602 3154 745 3230 ratione
773 3151 951 3253 temporis
980 3176 1061 3228 esse
1090 3150 1182 3227 velis
1211 3154 1321 3252 atque

203 3283 427 3387 mensurae)
456 3286 600 3384 tempus
616 3281 810 3384 judicabit:
831 3278 1129 3381 quandoquidem
1148 3302 1326 3354 mensura

202 3410 337 3513 duplex
366 3416 434 3503 est,
464 3411 547 3503 alia,
577 3435 671 3512 quac
699 3407 858 3485 sumitur
885 3431 907 3483 a
935 3411 1039 3507 parte
1067 3409 1238 3507 respectu
1266 3408 1329 3481 to·

203 3541 290 3631 tius,
325 3546 366 3617 ut
385 3566 469 3617 cum
498 3540 574 3615 dies
604 3536 842 3614 mensuratur
868 3560 934 3638 per
963 3534 1106 3623 horam,
1143 3530 1216 3607 alia
1235 3555 1330 3633 quae

204 3666 364 3742 sumitur
391 3695 414 3743 a
445 3671 525 3743 toto
554 3667 600 3742 ad
619 3671 752 3753 totum,
777 3669 814 3740 ct
845 3664 938 3739 haec
966 3661 1100 3764 duplex
1129 3664 1197 3736 est:
1225 3660 1331 3737 adae·

205 3798 319 3894 quata
338 3793 520 3884 videlicet,
551 3797 591 3869 ut
610 3792 671 3869 ubi
692 3797 769 3867 toto
797 3789 959 3893 pondere
977 3790 1010 3865 B
1030 3788 1125 3889 quod
1141 3791 1199 3863 est
1217 3787 1329 3889 quin-

205 3946 275 4020 que
295 3919 485 4013 librarum,
514 3920 761 4022 ponderamus
783 3917 1022 4020 ponderabile
1046 3916 1077 3994 C
1105 3916 1259 3993 totidem
1290 3915 1330 3997 li-

204 4046 368 4139 lirarum,
391 4048 448 4123 vel
469 4072 553 4123 cum
574 4044 661 4122 ulna
684 4043 774 4145 ligni
800 4068 1060 4120 mensuramus
1089 4042 1216 4119 ulnam
1244 4067 1332 4146 pan·

207 4170 266 4263 ni;
297 4176 334 4247 et
361 4172 660 4276 proportionalis,
690 4175 732 4246 ut
758 4196 844 4247 cum
872 4169 991 4273 gradu
1009 4167 1153 4246 coelesti
1172 4169 1330 4270 gradum

206 4301 326 4375 terrae
354 4298 406 4377 illi
435 4300 786 4402 correspondentem
813 4323 1085 4376 mensuramus.
