3442 5108
778 312 828 397 ,J-
852 323 911 385 352
930 358 969 370 -

307 466 392 543 plura
405 468 483 528 dicta
498 474 567 529 sunt
580 469 659 529 eirca
672 470 831 530 stultitiam
846 469 961 528 conficti
973 467 1083 529 ordinis
1099 467 1128 529 in
1143 468 1298 530 elementis
1313 488 1370 529 non
1388 487 1436 530 ac-

305 590 463 667 cipentium
477 597 511 651 ut
528 595 651 653 naturae
665 593 837 653 constitutio
853 592 912 651 alia
926 592 965 650 sit
979 608 1078 649 coram
1097 589 1230 649 sensibus
1245 592 1333 665 atque
1347 589 1435 648 ratio·

306 735 358 776 ne:
373 717 477 793 quibus
493 736 550 778 non
565 719 655 778 alium
670 720 802 780 ordinem
820 722 976 800 aspicimus
990 722 1109 796 praeter
1123 718 1256 777 omnium
1273 718 1434 777 elemento-

304 859 369 900 rum
384 841 415 900 in
431 842 566 902 omnibus
581 847 670 919 atque
691 844 816 921 singulis
849 843 967 903 telluris
988 843 1122 920 partibus
1142 855 1334 911 coneursum3
1358 842 1390 896 ut
1403 838 1433 896 in

303 965 366 1019 toto
388 965 468 1020 astro
485 981 541 1020 non
556 962 643 1022 aliter
656 961 744 1024 liceat
759 963 904 1023 elementa
918 963 1052 1023 ordinata
1067 960 1221 1037 conjicere,
1234 976 1324 1034 quam
1337 957 1387 1036 (l)
1402 957 1432 1017 in

304 1083 404 1139 nostro
419 1096 541 1157 corpore
555 1079 614 1138 sint
630 1083 732 1141 eadem
743 1080 1170 1159 ordinataprincipiazideoque
1180 1078 1284 1137 melius
1297 1077 1432 1137 ordinem

304 1205 434 1264 universi
449 1206 608 1284 accipimus
620 1206 649 1266 in
672 1227 728 1267 uno
743 1209 881 1268 aethereo
892 1224 1014 1283 eampo,
1030 1203 1078 1263 ubi
1092 1204 1171 1263 eirca
1185 1201 1277 1261 solem
1293 1200 1432 1278 planetae

302 1325 473 1384 discurrunt
488 1328 632 1387 medium:
654 1334 683 1388 et
702 1328 779 1388 sicut
800 1329 876 1405 quod
898 1344 990 1402 grave
1012 1325 1113 1385 dieunt
1133 1321 1248 1383 telluris
1270 1339 1376 1398 corpus
1401 1325 1432 1380 et

302 1444 454 1519 globosum
469 1452 516 1507 est
530 1450 559 1507 in
574 1449 732 1509 aethereae
747 1447 875 1524 regionis
890 1446 986 1529 medio
999 1444 1155 1516 libratum,
1170 1442 1306 1502 similiter
1316 1448 1348 1501 et
1358 1441 1432 1499 den-

302 1582 334 1623 sa
349 1565 504 1643 spissaque
519 1568 645 1628 aliorum
658 1574 805 1628 astrorum
819 1583 943 1644 corpora
957 1565 1054 1624 dicere
1069 1564 1216 1622 debebunt
1229 1564 1259 1621 iu
1275 1561 1336 1620 suis
1356 1560 1430 1619 locis

301 1690 408 1764 gravia
424 1694 633 1770 atquemedia.·

339 1813 379 1874 ll.
395 1783 494 1892 Opaca
508 1814 597 1873 etiam
612 1812 674 1873 suis
691 1812 795 1872 incolis
809 1812 846 1871 ad
860 1810 975 1871 telluris
989 1809 1106 1885 fulgens
1120 1825 1225 1884 corpus
1241 1809 1331 1882 atque
1349 1803 1427 1863 nihi-

300 1935 429 1996 lominus
443 1937 590 1997 sidereum
605 1941 692 1997 erunt
705 1936 773 1996 illa:
794 1936 871 1996 unde
892 1939 923 1995 et
943 1934 1021 2012 perit
1035 1933 1107 1992 illud
1123 1936 1329 2010 argumentum
1346 1977 1354 2005 ,
1370 1949 1427 2007 quo

299 2059 427 2119 medium
441 2061 545 2121 volunt
559 2079 621 2121 esse
642 2080 773 2135 coecum,
791 2062 901 2122 lumine
915 2081 1028 2135 canens,
1043 2079 1176 2121 crassum
1191 2059 1254 2117 huc.

339 2177 391 2238 Ill.
404 2179 450 2237 Ad
463 2178 491 2238 id
503 2179 582 2255 quod
595 2178 723 2239 medium
738 2185 784 2239 est
798 2181 1013 2253 densissimum,
1024 2201 1042 2240 a
1053 2198 1111 2256 quo
1122 2184 1232 2255 quanto
1248 2176 1343 2253 magis
1357 2193 1425 2234 eor-

299 2315 371 2373 pora
382 2298 524 2358 recedunt
536 2299 690 2371 naturalia,
701 2317 735 2358 eo
750 2305 819 2359 suut
833 2300 955 2373 rariora,
966 2299 1122 2377 respondet
1132 2298 1193 2375 ipse
1204 2315 1307 2356 sensus
1319 2294 1367 2372 qui
1379 2294 1426 2374 (2)

298 2434 355 2473 non
370 2415 484 2476 minore
498 2417 644 2477 densitate
657 2423 746 2495 atque
761 2421 857 2479 colore
871 2420 1011 2497 patefacit
1033 2421 1142 2492 lunam,
1160 2422 1190 2477 et
1205 2419 1268 2477 sine
1282 2416 1426 2477 solidissi-

298 2550 345 2592 mo
360 2539 464 2611 (usque
478 2536 515 2594 ad
530 2536 673 2613 majorem
688 2538 824 2612 quamsit
838 2539 867 2597 in
880 2539 986 2598 tellure
997 2538 1188 2611 soliditatem)
1205 2552 1327 2612 corpore
1339 2540 1422 2595 astra

297 2667 354 2706 non
371 2650 534 2722 constituit,
550 2668 625 2726 quac
637 2651 824 2712 nihilominus
838 2653 961 2713 mundos
976 2671 1041 2713 esse
1055 2655 1254 2730 probavimus.

337 2771 391 2831 IV.
407 2769 472 2829 Nee
485 2771 543 2829 alia
557 2776 674 2848 oportet
690 2773 876 2833 considerare
898 2775 1001 2851 quibus
1015 2776 1288 2836 animadvertamus
1302 2776 1331 2834 in
1346 2775 1419 2834 illud

296 2906 397 2949 corum
411 2887 570 2949 theorema.
584 2889 768 2963 hlixtum,ex
784 2895 966 2967 quatuorque
980 2893 1135 2952 elementis
1150 2896 1346 2971 compositum
1362 2912 1421 2954 ma·

295 3009 374 3067 xime
389 3008 475 3067 debat
489 3025 507 3066 a
520 3008 645 3085 simplici
660 3027 781 3086 corpore
795 3009 921 3084 distarc;
936 3015 965 3069 ct
979 3012 1052 3070 coeli
1064 3013 1188 3071 materia
1203 3013 1240 3071 ad
1256 3018 1368 3071 motum
1382 3008 1427 3071 lo?

294 3129 386 3187 celem
401 3129 604 3188 tantummodo
616 3134 768 3206 aptatota
783 3130 901 3208 regione
916 3132 1002 3190 debet
1016 3131 1053 3188 ab
1067 3148 1111 3203 eo,
1127 3131 1203 3206 quod
1216 3129 1352 3189 omnibus
1364 3147 1426 3188 mu·

294 3257 342 3311 tus
355 3251 506 3329 speciebus
518 3257 564 3312 ost
578 3254 747 3327 obnoxium,
762 3272 826 3313 esse
837 3254 979 3331 sejuncta.
995 3253 1109 3313 Scimus
1124 3260 1224 3313 autem
1237 3273 1289 3314 nos
1305 3258 1334 3313 et
1352 3255 1421 3332 plu·

293 3369 375 3430 ribus
389 3371 589 3430 efficacissime
601 3373 799 3457 probavimus,
811 3374 936 3445 coelum,
946 3391 1056 3446 aerem,
1070 3375 1203 3445 aethera,
1226 3376 1418 3450 spaciumque

293 3490 467 3549 immensum
481 3508 543 3550 esse
559 3484 659 3564 unum,
671 3493 747 3568 quod
766 3510 832 3551 vere
844 3498 889 3551 est
902 3493 1120 3552 firmamentum
1133 3512 1185 3570 per
1196 3494 1273 3570 quod
1287 3501 1349 3553 tum
1367 3495 1420 3551 tel·

293 3613 409 3677 lustum
426 3615 531 3691 reliqui
548 3615 680 3691 ejusdem
696 3619 802 3694 speciei
816 3620 952 3695 planetae
963 3618 1142 3691 discurrunt,
1157 3625 1187 3677 ct
1209 3618 1238 3676 in
1262 3637 1317 3694 quo
1342 3619 1420 3676 soles

293 3730 372 3787 circa
384 3731 533 3807 proprium
548 3737 682 3792 centrum
697 3732 746 3812 (in
762 3752 872 3794 morem
887 3754 943 3811 quo
958 3735 1045 3795 tellus
1061 3739 1142 3795 mutu
1158 3735 1266 3795 diurno
1281 3737 1421 3812 exagita-

292 3854 352 3908 tum
363 3851 495 3909 conversi
506 3850 581 3911 sorte
592 3852 879 3915 interiorescieeulus
893 3854 920 3912 in
936 3856 1121 3931 qilunetarum
1138 3856 1233 3913 medio
1248 3854 1419 3915 conticiunt.

329 3972 366 4032 V.
380 3974 419 4033 Et
433 3976 508 4050 quod
523 3975 607 4052 ajunt
621 3979 771 4038 contraria
785 3981 913 4038 inanime
927 3981 1048 4054 distare,
1058 3984 1103 4041 est
1118 3982 1236 4039 omuino
1251 3986 1354 4039 eontra
1375 3998 1421 4038 ra·

290 4096 399 4158 tionem
415 4106 503 4176 atque
516 4120 653 4175 sensum,
674 4109 704 4163 et
718 4104 897 4166 ostendimus
918 4105 1054 4184 pluribus
1076 4103 1106 4163 in
1121 4104 1245 4181 dialogis
1260 4108 1296 4166 dc
1312 4121 1418 4165 caussa

319 4256 350 4314 (lt
361 4259 378 4302 ll
387 4266 446 4304 tato
457 4260 491 4303 hu:
504 4274 560 4317 qma,

319 4351 351 4409 (²)
362 4352 378 4395 ll
389 4360 446 4399 testo
456 4356 496 4401 ha:
508 4371 531 4417 q.
