3442 5108
687 337 863 398 ..177-

223 523 381 625 quillum
399 525 526 618 alium,
550 526 671 627 qualis
691 532 749 604 est
768 529 870 607 circa
886 530 1057 610 tellurem
1076 534 1352 636 permeantibus

223 651 335 728 astris
365 652 526 753 undiquc
546 652 692 747 cedens,
708 655 834 732 omnia
853 657 1058 750 continens,
1080 658 1257 736 universa
1281 684 1350 735 sn-

224 777 376 852 stinens.
405 774 504 880 (cide
521 774 577 880 2.)

677 1054 797 1107 ARTIC.
817 1055 903 1107 bxv.

279 1274 428 1352 Coelum
447 1273 527 1349 Diis
554 1275 698 1377 antiqui
714 1281 826 1378 atque
842 1275 1066 1353 recentiores
1085 1276 1351 1371 attribuerunt,

226 1402 289 1477 ubi
318 1400 369 1476 illi
402 1425 469 1502 per
502 1401 602 1476 Deos
632 1427 719 1479 vere
747 1406 850 1479 astra
877 1404 957 1506 ipsa
984 1401 1269 1499 intellexerunt,
1303 1430 1352 1482 ex

226 1527 358 1629 quibus
384 1525 528 1603 nullum
544 1527 652 1603 fateri
673 1554 826 1631 possum
841 1530 1003 1631 primum
1021 1529 1143 1606 Deum
1162 1554 1244 1606 esse
1259 1555 1349 1631 pos-

225 1676 286 1743 se3
317 1651 403 1758 licet
425 1650 625 1728 Chaldaeis
655 1680 703 1730 ex
731 1655 787 1747 iis,
817 1681 912 1757 quae
940 1660 1028 1730 sunt
1054 1655 1153 1755 apud
1181 1659 1351 1734 nostrum

225 1779 388 1879 globum,
409 1778 464 1855 sol
479 1780 626 1876 medius
645 1781 742 1858 inter
761 1785 863 1857 astra
887 1782 980 1858 haec
1000 1784 1153 1882 septem,
1171 1783 1352 1885 templum

225 1905 427 2006 magnique
447 1906 516 1982 Dei
536 1908 819 1984 tabernaculum
831 1910 1023 1998 habeatur,
1034 1912 1071 1982 et
1085 1907 1350 2011 Pythagoricis

224 2031 326 2107 Deus
360 2031 408 2107 sit
435 2031 602 2108 infinitus
636 2032 787 2134 spiritus
821 2034 945 2109 omnia
981 2038 1206 2136 penetranS,
1245 2058 1351 2110 com·

225 2159 459 2259 prehendens
479 2164 590 2261 atque
606 2159 800 2236 vivificans
819 2160 917 2263 (uide
936 2158 1001 2262 3.).
1016 2163 1216 2236 Astrorum
1235 2161 1352 2263 igitur

225 2310 343 2361 uuum
363 2289 466 2363 terra
484 2290 553 2378 cst,
574 2311 669 2388 quae
687 2311 763 2363 non
791 2287 914 2363 miuus
944 2286 1054 2387 digno
1082 2286 1230 2388 altoque
1258 2288 1352 2365 coelo

225 2413 552 2512 comprehenditur
572 2438 682 2515 quam
703 2413 949 2514 quodcunque
978 2439 1025 2489 ex
1046 2412 1128 2489 aliis
1155 2411 1267 2488 aliud.
1296 2413 1352 2488 ln·

225 2543 282 2613 ter
309 2539 402 2616 haec
430 2540 693 2640 ingenerabile,
723 2539 1077 2642 incorruptibileque
1106 2542 1162 2615 est
1190 2547 1255 2615 aar
1281 2540 1352 2615 im-

224 2686 388 2754 mensus,
409 2667 537 2764 utpote
557 2687 691 2763 corpus
712 2660 916 2761 spirituale,
936 2661 1061 2737 omnia
1084 2658 1273 2736 stabiliens
1292 2664 1348 2736 at-

225 2813 295 2888 que
323 2787 487 2879 firmans,
509 2788 571 2889 qui
599 2793 665 2863 aut
684 2798 741 2863 est
758 2788 881 2890 prima
908 2786 1126 2878 substantia,
1155 2789 1222 2861 aut
1245 2789 1346 2860 certe

224 2938 272 2988 ex
287 2913 458 2989 omnibus
477 2912 529 2989 illi
548 2914 753 3014 proximus,
767 2914 829 3016 qui
848 2913 1011 3016 primum
1029 2919 1087 2989 est
1106 2907 1281 3004 efficiens,
1302 2936 1349 2986 ex

224 3038 357 3113 atomis
386 3044 498 3141 atque
537 3039 669 3140 spiritu
708 3039 883 3116 solidiora
915 3039 1162 3142 spissioraque
1196 3060 1352 3138 corpora

223 3162 364 3267 (qualia
382 3169 468 3240 sunt
478 3168 591 3259 astra,
607 3168 866 3267 astrorumque
877 3162 1060 3268 membra)
1071 3162 1349 3266 compaginans

223 3288 1352 3396 lpseestfiguratumfirmamentum(l)pervectoremhtlan·

222 3415 311 3499 tem,
331 3415 454 3489 omnia
473 3414 552 3490 sine
571 3413 696 3490 labore
711 3413 970 3505 sustinentem,
993 3417 1031 3489 et
1059 3411 1119 3488 cui
1148 3408 1349 3486 lassitudi-

223 3563 309 3613 nem
328 3542 366 3615 et
384 3538 674 3615 imbecillitatem
692 3539 838 3616 nullum
857 3563 974 3642 grave
994 3535 1162 3614 contrahi
1173 3539 1257 3611 tens
1286 3534 1350 3609 in·

224 3663 325 3739 ducit
352 3661 449 3767 (veile
482 3662 545 3768 3.).
576 3665 743 3742 Tellures
774 3664 983 3767 superiores
1011 3663 1126 3765 igitur
1153 3684 1229 3736 nou
1258 3663 1348 3736 sunt

224 3814 361 3888 graves
380 3817 499 3893 neque
518 3792 640 3884 lech,
660 3792 756 3868 sicut
775 3816 893 3893 neque
912 3794 1014 3866 terra
1033 3790 1124 3882 ista,
1154 3787 1216 3863 uhi
1246 3786 1342 3862 mole
1432 3809 1437 3823 ·

224 3943 292 3993 sua
329 3919 366 3995 in
404 3918 555 4019 regione
584 3918 729 3994 infinita
756 3917 937 3994 consistit.
967 3916 1050 3992 Non
1078 3916 1200 3992 minus
1230 3912 1345 4015 igitur

263 4230 308 4310 (l)
325 4231 349 4290 ll
365 4226 486 4289 thrcr
501 4233 646 4304 traspooe:
658 4230 895 4305 firmamentum
917 4229 1112 4304 Moratum,
1137 4239 1190 4300 per
1212 4221 1352 4298 congiun-

224 4335 305 4410 gerlo
320 4333 428 4409 meglio
442 4350 495 4391 con
508 4329 694 4407 l'immagiue
706 4328 735 4387 di
750 4326 880 4388 Atlante.
1191 4422 1231 4483 23
