3442 5108
787 295 968 353 ..312³-

366 481 498 565 Linquit
522 501 601 566 opus
625 482 752 548 tunicae
775 482 905 567 puerilis
929 481 1063 558 fimbria,
1090 504 1200 549 curam

364 613 502 677 Femora
525 632 588 676 non
613 612 710 676 ullam
734 612 904 679 innectunt
927 612 1056 677 nudata.
1083 613 1143 678 Sed
1169 613 1234 680 alte

361 744 515 811 Arboreis
539 745 684 832 gaudens
707 745 828 831 opibus,
853 746 1042 831 inhiansque
1065 748 1170 833 recepi

359 876 501 942 Auribus
524 877 603 943 haec
626 875 748 962 placido
772 878 881 941 senior
904 897 984 961 quae
1008 879 1141 962 protulit
1164 899 1228 946 ore.

359 1006 438 1070 Heio
464 1025 594 1071 remane
616 1026 705 1092 ergo,
729 1007 836 1090 tuique
859 1007 944 1072 lares
966 1013 1134 1074 contemne
1158 1009 1303 1088 Cicadae,

355 1135 457 1199 Dives
480 1154 576 1219 opum
600 1142 695 1219 quam
717 1134 777 1198 sim
800 1135 914 1210 cernis,
938 1135 1087 1219 cultoque
1111 1137 1256 1203 renidens

353 1267 496 1352 Aggere,
521 1289 615 1353 qnam
640 1270 732 1355 pleno
756 1270 833 1334 mihi
856 1269 953 1354 gestit
975 1270 1067 1353 copia
1090 1288 1200 1334 cornu.

351 1397 434 1462 Hinc
456 1399 567 1464 oculos
589 1399 723 1465 adverte
746 1405 829 1474 tuos,
855 1403 999 1484 spectato
1024 1397 1184 1476 Cicadam,

351 1524 540 1592 Extremum
565 1532 652 1595 tenet
675 1529 728 1593 ille
751 1549 840 1593 meus
863 1548 1046 1614 germanus,
1070 1534 1107 1595 ut
1129 1534 1200 1595 atro

348 1656 479 1724 Vertice
503 1660 663 1745 contingit
687 1660 820 1736 coelum,
845 1660 989 1744 piceique
1012 1658 1129 1723 coloris

347 1783 447 1852 Veste
473 1789 554 1873 tegit
576 1787 683 1854 fuscos
708 1795 808 1864 artus,
832 1787 1031 1871 humilisque,
1056 1787 1247 1871 pedemque,

352 1914 506 1982 Caerulea
530 1920 669 1986 involvit
691 1916 843 1984 miserum
867 1918 1002 2004 caligine
1024 1936 1149 2001 corpus.

344 2047 433 2114 Tunc
456 2071 533 2134 ego:
558 2052 632 2116 talis
656 2072 728 2116 eras
751 2059 783 2117 et
807 2057 851 2127 tu,
875 2056 931 2117 tua
954 2050 993 2114 ad
1018 2065 1097 2113 arva
1120 2047 1303 2131 priusquam

342 2174 520 2252 Venissem,
546 2178 720 2262 similisque
743 2178 799 2245 tibi
823 2178 1017 2264 spectabitur
1039 2177 1108 2252 ille,

339 2311 551 2380 Praesentem
576 2336 646 2380 cum
670 2335 720 2381 me
744 2316 887 2400 accipiet.
913 2315 963 2380 Sic
987 2311 1058 2376 inde
1081 2309 1230 2376 recedent

338 2437 379 2502 Et
403 2438 547 2519 nebulae,
572 2448 604 2509 et
627 2443 766 2516 coelum,
793 2441 900 2506 mundi
925 2439 1121 2523 mediumque
1146 2435 1261 2503 redibit

339 2566 482 2634 Rursum
506 2572 581 2636 illuc
605 2594 738 2649 mecum,
764 2579 800 2640 ut
822 2592 946 2657 semper
969 2571 1141 2635 comitatus
1165 2568 1205 2633 ab
1229 2570 1296 2654 ipso

334 2695 485 2773 Accessi,
510 2719 695 2783 mecumque
718 2697 897 2782 ubicunque
921 2699 1068 2761 manente
1091 2693 1257 2758 remansit.

375 2822 427 2889 Sic
450 2846 582 2910 puerum
606 2827 743 2892 docuere
767 2829 853 2912 prius
878 2823 1027 2890 dubitare
1051 2826 1210 2907 parentes,

335 2956 376 3020 Et
400 2957 497 3021 veluti
520 2978 628 3022 rerum
653 2957 764 3023 faciem
789 2955 942 3021 distantia
964 2958 1066 3019 mutet

330 3085 475 3153 Servatis
500 3085 603 3161 rebus,
629 3086 677 3173 (l)
700 3086 759 3151 sibi
783 3106 839 3171 per
863 3089 965 3151 totum
990 3082 1074 3146 alma
1096 3085 1129 3146 et
1152 3077 1265 3162 ubique

329 3215 474 3281 Naturae
500 3224 627 3284 constet
650 3218 811 3304 majestas,
836 3237 895 3281 nec
918 3214 1052 3279 meliora

328 3344 408 3409 Tam
432 3346 525 3414 facile
549 3356 606 3414 aut
628 3349 739 3435 pejora
762 3355 869 3434 putem
892 3347 1053 3418 distantia,
1078 3364 1171 3428 quam
1197 3348 1272 3409 sunt

324 3479 493 3558 Proxima,
514 3487 550 3546 ut
573 3488 605 3546 et
628 3481 754 3548 taudem
779 3482 900 3546 coelum
924 3502 982 3545 nos
1005 3500 1085 3560 esse,
1110 3479 1157 3564 (2)
1180 3483 1341 3564 repertum

323 3607 373 3674 Sit
396 3609 494 3683 mihi,
521 3631 615 3694 quam
639 3631 747 3675 sumus
771 3612 885 3694 iis-qui
910 3609 1030 3675 coelum
1054 3614 1129 3675 suut
1152 3627 1276 3692 quoque
1300 3610 1398 3675 nobis.

321 3735 459 3800 Telluris
482 3760 670 3823 quacunque
692 3742 769 3805 siem
794 3744 824 3806 in
849 3742 989 3827 regione,
1013 3739 1126 3807 videbo

321 3869 400 3933 Esse
425 3873 499 3937 mihi
526 3876 682 3942 Occasum
706 3880 797 3964 parili
820 3879 973 3946 distantia
995 3883 1028 3944 et
1051 3878 1175 3944 Ortum.

318 3996 361 4061 Α1
388 4003 538 4081 quoniam
565 4005 626 4082 bic,
652 4007 731 4071 idem
757 4008 866 4074 vultus
891 4008 966 4072 milri
990 4005 1140 4072 subvenit
1163 4004 1236 4080 illic,

315 4124 448 4191 Cautior
471 4150 510 4194 en
534 4153 646 4199 sensus
670 4136 863 4220 comprenda
886 4136 1111 4212 conditionem,

295 4311 325 4363 111
339 4313 422 4360 01111111
433 4317 520 4371 virgula
529 4332 609 4364 manca
619 4323 654 4364 nel
664 4329 729 4365 testo.

294 4407 324 4459 (2)
337 4408 423 4455 Quesra
432 4413 520 4469 virgolu
535 4430 615 4463 israuca
624 4433 688 4477 pure·
