3442 5108
707 345 884 407 -113-

232 552 314 604 mus
342 526 463 628 ipsum
490 549 570 603 esse
597 523 798 631 (1133333
817 526 982 628 perfecti,
1002 528 1089 629 quia
1106 529 1244 631 gradus
1258 535 1346 608 3331

232 653 271 728 13
307 676 433 729 rernm
470 651 686 754 speciebus,
715 655 752 726 et
779 676 1022 755 unaquaeque
1062 655 1139 730 suis
1180 656 1344 732 numeris

232 780 398 880 perfecta
425 778 657 880 intelligitur.
686 777 805 854 Porro
825 803 900 855 una
918 779 1063 856 numeri
1082 780 1243 883 species,
1262 783 1349 885 quia

232 907 278 981 ab
307 906 379 981 alia
408 903 769 1004 comprehendatur,
797 903 857 980 vel
884 904 996 981 aliam
1032 907 1347 1009 comprehendat,

231 1030 490 1131 imperfectum
516 1053 591 1106 non
618 1028 765 1105 dicitur.
794 1028 892 1106 Hinc
919 1029 1177 1133 imperfectum
1195 1037 1348 1111 nonest

231 1159 385 1247 astruxi,
415 1156 503 1258 quia
529 1154 624 1231 coelo
651 1153 804 1256 indiget,
832 1154 1037 1256 imperfecti
1065 1179 1139 1233 non
1168 1161 1255 1234 3331
1283 1183 1348 1235 so·

230 1279 297 1372 133,
325 1305 445 1384 neque
472 1286 606 1374 terrae,
627 1280 713 1383 quia
731 1283 860 1357 mutuo
880 1278 1145 1384 suffragantur,
1165 1286 1348 1385 quatenus

230 1407 302 1482 hoc
330 1412 387 1484 est
413 1407 484 1484 illis
512 1410 647 1484 natura
673 1406 843 1502 inditum,
871 1412 913 1483 ut
931 1409 1004 1485 alia
1021 1410 1157 1487 horum
1179 1411 1347 1490 ordinem

231 1531 393 1608 habeant
420 1534 467 1608 ad
494 1532 579 1609 alia.
609 1531 717 1616 Quod
744 1531 776 1608 si
794 1532 1031 1634 perfectionis
1059 1535 1155 1612 ratio
1184 1559 1348 1641 eousque

229 1657 454 1746 intendatur,
483 1661 526 1735 ut
552 1658 674 1759 ipsum
702 1658 906 1760 perfectum
933 1658 1005 1754 sit,
1033 1662 1130 1762 quod
1165 1663 1267 1741 nullo
1294 1666 1348 1743 in-

229 1785 365 1886 digeat,
394 1809 510 1863 unum
537 1784 608 1861 erit
634 1784 841 1887 perfectum
868 1785 1098 1882 universum,
1136 1813 1256 1891 neque
1283 1790 1346 1866 di·

229 1916 335 1989 cetur
361 1913 568 2014 perfectum
595 1911 701 2013 quasi
718 1911 882 2014 perfecte
900 1912 1058 2008 factum,
1079 1915 1144 1991 sed
1166 1918 1348 2017 qnatenus

227 2040 265 2116 in
293 2066 336 2117 eo
364 2038 459 2116 nihil
487 2041 545 2116 est
563 2038 754 2115 infectum:
774 2038 899 2141 itaque
917 2043 1041 2116 motus
1061 2043 1118 2116 est
1145 2045 1250 2118 actus
1278 2039 1346 2117 im-

227 2164 393 2266 perfecti,
413 2164 501 2268 quia
519 2188 634 2241 unum
662 2164 845 2240 duntaxat
863 2163 1050 2242 immobile
1075 2164 1170 2269 quod
1191 2170 1344 2261 estem,

228 2289 324 2388 quod
352 2291 409 2363 est
436 2286 665 2380 universum,
693 2287 758 2363 sed
785 2311 860 2363 non
887 2287 935 2363 ad
962 2288 1034 2364 hoc
1062 2288 1225 2388 respexit
1252 2288 1343 2365 Ari·

228 2415 370 2491 stotelis
411 2439 555 2491 sensus.
585 2412 693 2497 Quod
730 2413 887 2490 subinde
923 2417 1051 2491 actum
1086 2414 1345 2518 imperfectum

228 2538 364 2616 dixerit
391 2544 546 2634 motum,
575 2564 650 2616 non
677 2539 768 2615 satis
794 2537 921 2616 videre
945 2563 1118 2640 possum,
1161 2542 1344 2643 quomodo

224 2692 403 2744 excusare
439 2666 556 2769 possit
591 2670 635 2743 ut
670 2665 932 2744 universaliter
971 2665 1120 2743 valeat:
1158 2666 1244 2768 quia
1271 2691 1346 2744 mo-

226 2793 335 2888 bilis,
364 2798 547 2897 quatenus
579 2793 714 2870 mobile
755 2795 837 2886 est,
865 2791 947 2894 quis
988 2790 1084 2868 alius
1115 2796 1222 2868 actus
1264 2815 1346 2869 3333

226 2922 350 3019 posset
377 2943 489 3019 quam
515 2918 668 2994 motus?
698 2915 959 3010 aedificabiliS,
997 2918 1179 3018 quatenus
1212 2917 1344 2994 aedifi·

227 3045 355 3138 cabile,
385 3043 588 3147 quisalius
617 3047 744 3131 actus.
772 3042 833 3119 vel
860 3041 1037 3144 perfectio
1074 3067 1155 3119 esse
1195 3047 1343 3145 potest,

227 3195 336 3273 quaro
368 3169 600 3246 aedificatio?
628 3169 796 3271 nunquid
823 3167 1059 3244 aedificiuml
1078 3171 1118 3244 at
1137 3167 1345 3246 aedificium

225 3322 300 3373 non
328 3300 385 3373 est
403 3299 538 3388 motus,
551 3294 616 3372 sed
634 3298 718 3397 post
736 3296 879 3370 motum
897 3297 1007 3370 nacta
1016 3290 1073 3397 (2)
1091 3293 1280 3396 perfecti0,
1301 3299 1340 3372 et

226 3429 332 3500 33133
360 3423 421 3524 qui
448 3447 524 3499 non
551 3420 726 3499 convenit
752 3418 892 3508 mobili,
912 3427 1095 3522 quatenus
1115 3420 1260 3498 mobile:
1280 3421 1341 3497 do-

226 3549 435 3627 musenim
467 3553 523 3626 est
554 3551 660 3626 actus
692 3546 878 3650 perfectus
910 3545 1174 3640 aedificabilis,
1207 3550 1343 3648 quate·

226 3699 296 3750 nus
311 3673 368 3777 (3)
386 3676 491 3751 33131
510 3672 713 3775 potentiam
731 3695 807 3748 non
826 3669 873 3747 ad
892 3673 1058 3764 motum,
1077 3669 1141 3747 sed
1159 3692 1239 3746 rem
1259 3693 1344 3749 con·

269 3918 313 3995 (1)
328 3917 352 3976 ll
367 3921 441 3976 13313
455 3916 502 3976 ha:
517 3933 591 3976 esso.

264 4019 310 4098 12)
332 4018 356 4077 11
371 4017 492 4077 Gfrbrer
505 4032 662 4094 corregge:
679 4022 757 4075 nata
764 4036 777 4088 ,·
791 4031 823 4075 33
833 4013 946 4076 nonehe
960 4013 990 4073 di
1004 4021 1098 4075 nacta
1112 4018 1197 4077 33313
1215 4012 1345 4093 passiva·

225 4122 323 4176 mente
338 4117 362 4174 si
378 4120 468 4176 trove
484 4130 556 4192 pure
570 4113 692 4190 qualche
706 4111 849 4192 esempi03
859 4131 875 4173 3
887 4119 980 4174 nacta
990 4111 1116 4176 talvolta
1126 4112 1345 4175 sitrovascam·

225 4216 305 4275 blato
316 4233 369 4274 con
384 4221 469 4274 nata.

264 4317 311 4394 (3)
326 4315 351 4375 ll
365 4316 441 4376 13313
455 4313 504 4376 ha:
518 4319 683 4391 quatenus,
695 4319 793 4374 notat.
