3442 5108
830 414 833 418 ,
896 335 1064 404 *a*

414 549 522 619 nem,
550 523 730 615 Bootem,
760 521 949 600 Coronam
976 521 1186 614 Ariadnae,
1216 520 1443 610 Herculem,
1474 520 1544 598 Ae

415 648 621 752 sculapium
640 675 706 725 seu
725 648 1031 750 Serpeutaurum,
1052 649 1203 749 Lyram,
1225 647 1408 749 Cycnum,
1428 648 1543 749 Aqui-

415 777 502 867 lam,
531 774 729 874 Sagittam,
749 773 985 875 Delphinem,
1005 797 1164 874 quorum
1184 773 1355 874 singulae
1374 771 1543 873 singulas

415 903 575 978 virtutes
603 904 688 977 tuas
717 900 918 993 insinuant,
948 899 1182 1000 propriisque
1209 899 1309 975 notis
1329 899 1543 975 describere

413 1026 686 1129 intelliguntur.
718 1024 878 1125 Delphin
906 1024 1225 1125 philanthropiam
1253 1029 1291 1101 et
1319 1024 1539 1102 humanita-

369 1202 374 1212 ·
415 1156 504 1244 tem,
525 1149 741 1227 Thessalica
760 1152 899 1250 sagitta
918 1153 1002 1251 post
1020 1154 1212 1226 maturum
1240 1149 1437 1225 consilium
1467 1148 1542 1255 leli-

416 1302 497 1352 cem
524 1276 563 1351 in
590 1275 805 1376 peragendo
834 1275 1074 1350 celeritatem.
1104 1273 1242 1374 Aquila
1265 1273 1456 1375 amplioris
1477 1274 1539 1349 do

415 1402 519 1479 minii
544 1401 787 1502 dignitatem,
812 1401 963 1501 Cycnus
992 1401 1206 1502 puritatem,
1236 1401 1337 1501 Lyra
1365 1400 1538 1477 suavita-

416 1532 505 1618 tem,
534 1524 780 1624 Aesculapius
800 1523 1050 1625 prudentiam,
1071 1523 1253 1600 Hercules
1270 1523 1540 1615 fortitudinem,

421 1651 570 1728 Corona
606 1652 869 1751 majestatem,
898 1653 1038 1727 Bootes
1067 1650 1275 1726 custodiam
1312 1654 1350 1725 et
1378 1650 1545 1750 vigilan-

416 1775 520 1868 tiam,
536 1775 735 1877 Cynosura
754 1774 1020 1851 sublimitatem
1040 1782 1152 1876 atque
1167 1774 1397 1867 firmitatem,
1413 1774 1543 1851 Helice

416 1899 652 1975 inocciduum
680 1898 953 1975 illustrissimae
982 1900 1315 2002 serenissimaeque
1351 1900 1547 2001 prosapiae

419 2025 506 2095 tuae
535 2018 783 2120 splendorem.

472 2144 644 2219 Secundo
673 2142 878 2218 informas
908 2143 1004 2236 illas,
1020 2168 1115 2245 quae
1144 2144 1264 2246 magis
1293 2144 1392 2221 iuter
1420 2144 1548 2244 Tropi-

418 2293 504 2345 cum
532 2270 689 2343 boreum
718 2271 755 2342 et
783 2267 975 2367 cingulum
1005 2269 1114 2369 primi
1144 2269 1289 2345 mobilis
1328 2270 1548 2345 incumbunt

419 2392 697 2495 perspiciendae
724 2393 882 2468 veniunt
910 2393 1004 2469 Falx
1034 2395 1275 2470 adamantina
1295 2418 1360 2472 seu
1380 2396 1478 2472 ensis
1496 2397 1549 2471 iu-

419 2543 572 2603 curvus,
593 2517 716 2618 Caput
744 2517 888 2618 Algolis
909 2544 974 2593 seu
994 2519 1184 2605 lledusae,
1214 2521 1338 2623 Capru
1357 2546 1442 2596 cnm
1462 2522 1548 2597 hae-

419 2643 488 2735 dis,
510 2641 642 2719 Crines
669 2641 883 2734 Berenices,
911 2642 1087 2718 Deltoton
1116 2671 1182 2720 seu
1212 2645 1451 2747 Triangulus,
1475 2648 1549 2722 Au-

421 2768 502 2870 riga
531 2792 595 2842 seu
623 2766 908 2859 Erichthonius,
928 2768 1104 2862 Perseus,
1125 2770 1375 2864 Andromeda,
1405 2770 1549 2846 Cassio-

418 2919 500 2995 pea,
530 2893 717 2992 Cepheus,
745 2890 964 2994 Equiculus,
990 2893 1159 2994 Pegasus
1189 2920 1255 2969 seu
1283 2894 1546 2997 Bellerophon·

420 3020 469 3095 tis
498 3042 628 3119 equus
657 3017 729 3092 Ubi
751 3018 937 3118 >Pegasus
966 3018 1088 3094 alatus
1117 3020 1271 3122 fuseque
1299 3047 1364 3122 per
1393 3023 1550 3099 aethera

421 3169 571 3221 cursum
610 3141 825 3244 explicans,
855 3142 990 3217 farriam
1031 3149 1132 3218 tuam
1163 3146 1380 3221 universum
1419 3149 1547 3223 orbem

421 3269 688 3372 pervadentem
708 3269 889 3370 designat,
911 3270 1113 3368 Equiculus
1133 3270 1356 3364 libertatem,
1374 3276 1548 3376 Cepheus

422 3390 515 3496 (qui
544 3394 582 3465 et
612 3389 784 3481 CheicuS,
814 3389 851 3464 id
880 3394 938 3465 est
956 3389 1227 3494 inflammatus)
1246 3393 1439 3470 ardentem
1459 3422 1550 3496 erga

422 3514 551 3590 Musas
579 3512 800 3614 religionem
828 3517 939 3612 atque
962 3514 1150 3614 justitiam
1178 3516 1318 3608 zelum,
1348 3519 1551 3622 Cassiopea

423 3637 696 3715 illustrissimae
733 3638 911 3713 heroinae
939 3639 1167 3739 conjugium,
1197 3641 1437 3718 Andromeda
1464 3669 1549 3719 ma-

423 3762 515 3840 nicis
555 3767 667 3862 atque
714 3761 855 3837 catenis
893 3760 1071 3861 alligata,
1099 3763 1169 3839 Dei
1206 3764 1409 3859 timorem,
1438 3774 1551 3871 atque

424 3887 614 3989 pietatem,
643 3886 776 3986 quibus
804 3885 856 3961 ita
883 3886 939 3960 tui
967 3885 1123 3962 allectus
1152 3894 1264 3989 atque
1293 3917 1407 3992 opera
1426 3894 1552 3969 devin-

426 4013 631 4101 ciebantur,
662 4018 703 4087 ut
722 4011 814 4087 nihil
835 4016 982 4112 praeter
1001 4011 1164 4088 divinam
1181 4020 1218 4088 ot
1236 4018 1446 4093 naturalem
1475 4045 1552 4095 mo-

426 4136 617 4237 ralemque
654 4137 840 4239 justitiam
882 4135 947 4210 tibi
989 4136 1100 4211 licere
1142 4138 1403 4234 arbitrareriS,
1432 4166 1551 4243 neque

426 4263 690 4343 committeres.
706 4263 869 4340 Perseus
897 4262 1166 4364 triumphator,
1187 4267 1361 4340 strenuae
1380 4266 1553 4344 sedulita-
