3442 5108
748 290 928 353 ...155-

294 509 443 562 omnem
454 487 610 576 motum,
621 480 713 559 nulli
724 487 825 559 certe
835 479 953 558 motui
965 478 1189 579 alligabitur.
1201 477 1318 553 Immo
1332 476 1424 552 dum

292 611 418 687 nullus
433 614 557 687 motus
573 609 844 711 comperiatur,
867 632 936 684 nec
954 608 1133 709 probetur
1146 606 1344 683 continuus
1359 629 1423 680 rc-

295 740 488 841 gulariter,
500 765 576 817 non
590 743 716 817 tamen
726 742 923 842 propterea
933 737 1167 814 durationem
1178 735 1313 836 ipsam,
1333 737 1426 809 tem-

293 895 412 971 pusve
427 870 548 971 ipsum
567 868 824 970 irregulariter
835 866 1051 942 continuum
1068 863 1248 939 dicemus.
1269 859 1309 936 Si
1333 860 1423 936 item

294 998 417 1073 omnia
450 978 597 1074 adhoc
633 997 796 1100 spatium
824 996 1014 1098 quiescere
1043 993 1313 1092 intelligantur,
1345 1015 1422 1067 non

293 1127 490 1226 propterea
507 1123 571 1200 illa
584 1123 677 1200 hora
690 1119 925 1214 nondifferet
944 1147 967 1197 a
986 1120 1153 1205 semisse,
1170 1123 1206 1194 et
1226 1143 1248 1192 a
1273 1120 1422 1219 puncta,

294 1253 442 1326 essetve
456 1252 699 1326 momentum.
720 1248 757 1325 Si
777 1248 848 1324 rite
876 1247 1072 1323 definiatur
1099 1250 1258 1347 tempus,
1286 1243 1425 1320 videbi·

294 1383 358 1457 tur
376 1405 442 1481 per
460 1406 502 1457 se
519 1380 572 1456 illi
605 1379 892 1456 continuitatem
925 1376 1145 1467 convenire,
1176 1374 1264 1476 quia
1290 1396 1356 1474 per
1383 1397 1424 1448 se

296 1508 479 1607 quantum
497 1504 716 1583 continuum
734 1505 917 1607 estquod
936 1507 1063 1580 autem
1077 1504 1264 1578 mensuret
1281 1504 1425 1576 motum

296 1637 334 1709 et
352 1638 592 1710 mensuretur
610 1659 633 1710 a
650 1638 769 1727 motu,
800 1638 989 1710 mensuret
1012 1631 1307 1732 magnitudinem
1336 1634 1374 1705 et
1402 1656 1425 1704 a

296 1760 551 1861 magnitudine
567 1765 813 1846 mensuretur,
833 1761 969 1837 accidit
999 1760 1063 1854 illi,
1092 1758 1340 1836 adventitium
1369 1755 1424 1833 illi

301 1884 487 1986 quoddam
505 1891 573 1978 est,
594 1890 631 1963 et
646 1891 878 1963 extraneum.
898 1885 985 1961 Jam
1013 1887 1197 1989 quomodo
1216 1884 1313 1961 ratio
1343 1885 1424 1986 ejus

301 2012 398 2114 quod
416 2013 530 2091 habet
549 2040 614 2118 per
632 2040 684 2104 se,
704 2016 974 2118 quodammodo
993 2021 1153 2121 pendeat
1184 2019 1230 2096 ab
1250 2041 1307 2104 eo,
1327 2015 1425 2117 quod

302 2137 453 2242 respicit-
466 2167 533 2242 per
551 2143 735 2236 accidens,
748 2167 818 2243 ego
833 2168 909 2220 non
928 2146 1019 2222 satis
1039 2147 1159 2224 video

742 2421 861 2475 numo.
882 2422 983 2474 XLIV.

352 2648 457 2727 Licet
475 2656 622 2754 tempus
643 2656 680 2729 et
695 2652 990 2754 magnitudinem
1004 2652 1149 2729 infinita
1168 2650 1418 2727 concesserim

300 2782 412 2878 atque
430 2803 581 2880 ponam:
605 2782 824 2855 nontamen
847 2778 929 2856 ideo
943 2780 1087 2855 isthaec
1106 2779 1234 2856 eodan
1256 2783 1362 2879 pacto
1383 2778 1421 2852 iu

304 2903 695 3007 magnitudinemque
710 2909 876 3006 tempore
888 2905 1044 2983 dixerim
1057 2907 1223 3009 reperiri.
1234 2906 1332 3010 (mlle
1343 2903 1425 3007 81.)

807 3185 928 3238 numo.

356 3406 551 3492 Quomodo
569 3410 659 3486 item
678 3412 842 3490 infinitas
862 3417 992 3493 eodem
1005 3421 1115 3518 pacto
1131 3417 1180 3492 sit
1199 3417 1237 3492 in
1256 3421 1426 3518 tempore

302 3543 339 3615 et
357 3538 625 3638 magnitudine,
645 3565 720 3616 non
739 3544 857 3645 capio,
877 3545 948 3620 nisi
967 3544 1054 3647 quia
1083 3547 1281 3646 utrumque
1309 3546 1425 3622 conti-

303 3692 420 3745 nuum
437 3668 622 3770 quoddam
637 3675 705 3763 est,
726 3676 763 3747 et
778 3677 978 3776 utrumque
992 3673 1084 3749 milri
1104 3671 1194 3775 (non
1214 3671 1424 3774 Aristoteli)

304 3797 539 3887 immensum3
560 3822 608 3873 an
628 3805 779 3900 propter
806 3800 907 3876 illam
928 3799 1228 3876 mathematicam
1249 3799 1286 3874 in
1307 3799 1431 3876 infini-

305 3933 387 4005 tum
403 3928 719 4006 divisibilitateml
740 3930 860 4006 Porro
870 3938 1017 4032 tempus
1034 3927 1225 4004 Aristoteli
1246 3954 1328 4004 esse
1357 3928 1426 4005 de-

304 4055 369 4131 bet
386 4051 618 4131 divisibilem
637 4055 801 4132 infinitas
819 4061 946 4158 partes
975 4054 1161 4158 aequales
1182 4054 1269 4156 quia
1296 4058 1424 4131 aeter-

308 4203 398 4256 num
417 4185 486 4270 est,
503 4182 721 4283 magnitudo
740 4189 879 4283 autem,
891 4209 985 4288 quae
1004 4209 1174 4262 convexo
1193 4185 1289 4263 coeli
1309 4185 1432 4261 termi-

311 4313 438 4398 natnr,
459 4307 654 4384 divisibilis
675 4309 789 4386 estin
808 4309 888 4387 illas
916 4309 1212 4412 proportionales
1241 4315 1279 4390 et
1305 4312 1435 4415 imagi-
