3442 5108
694 296 697 300 ’
787 282 966 343 -258-

359 479 504 563 Namque
528 474 620 542 ambo
645 476 666 539 ii
690 477 794 541 motus
819 494 889 539 cum
914 473 979 537 sint
1002 470 1168 537 contraria
1190 464 1368 552 quaedam,

357 612 463 694 Atque
486 611 556 695 pari
573 614 675 675 metro
698 612 736 674 ut
752 610 886 694 vigeant
909 607 1075 675 contraria
1098 626 1177 689 opus
1200 605 1252 678 sit,

355 742 447 816 Quod
470 743 589 826 poterit
613 744 718 804 motus
742 758 870 804 sursum
893 738 959 801 sine
984 735 1045 801 fine
1068 733 1199 820 probari

352 873 386 938 Si
411 872 561 939 definitur
584 877 696 937 centro
719 870 904 936 contrarius
929 866 999 932 illi?
1022 865 1071 954 (l)

354 1001 453 1065 Unius
476 1002 611 1066 extremi
637 1018 736 1082 quare
759 998 787 1061 si
812 995 873 1061 fine
897 994 1008 1060 videre

354 1129 499 1194 Alterius
523 1148 650 1213 possum
674 1125 779 1201 linem,
804 1143 929 1208 quoque
953 1122 1047 1188 oredo
1071 1124 1242 1203 sequenter

355 1256 459 1330 Quam
483 1255 587 1320 media
611 1257 731 1320 arctari
755 1255 866 1320 deceat
889 1273 1014 1336 quoque
1039 1252 1136 1318 limite
1161 1256 1259 1319 certo.

354 1385 406 1451 Sic
429 1387 527 1470 igitur
553 1383 630 1448 fines
654 1389 815 1467 nequeunt
840 1382 1025 1468 protendier
1050 1383 1137 1447 ultra

350 1510 446 1574 Aeris
470 1516 566 1592 atque
591 1511 685 1594 ignis,
710 1528 806 1592 quam
831 1509 936 1573 Tellus
960 1516 1130 1595 surgeret
1153 1509 1248 1575 unda.

351 1638 441 1712 Quod
466 1640 493 1702 si
516 1637 566 1724 (ut
588 1644 621 1705 et
644 1645 693 1704 est
716 1637 853 1724 certum)
879 1637 973 1701 linem
998 1637 1088 1703 deoet
1103 1658 1173 1703 esse
1190 1616 1333 1705 locorum

349 1771 411 1844 Qul
434 1774 585 1855 poterunt
608 1769 687 1834 fines
709 1775 805 1835 extra
827 1770 906 1835 istos
931 1771 977 1833 ire
1001 1767 1133 1834 locata?

348 1898 431 1963 Illud
455 1900 531 1964 item
556 1899 696 1982 apprime
720 1898 878 1982 gravitaS,
903 1896 1081 1980 levitasque
1104 1897 1273 1978 docebunt,

296 2083 299 2091 ,
347 2032 389 2097 Et
411 2029 494 2114 quod
517 2035 654 2095 naturae
681 2030 769 2093 nulla
791 2029 955 2096 inclinatio
979 2049 1066 2095 rana
1089 2035 1148 2108 est,

348 2161 541 2245 Corporibus
564 2162 717 2245 siquidem
743 2167 961 2249 praescriptus
985 2167 1140 2230 terminus
1163 2171 1224 2240 est,
1248 2165 1299 2249 qui

345 2294 433 2358 Haeo
456 2292 585 2360 tandem
608 2294 711 2367 sistat,
736 2294 921 2378 gremioque
947 2298 1091 2377 receptet
1114 2297 1204 2359 avito

346 2425 436 2499 Quae
459 2426 627 2502 scandunt,
652 2426 723 2489 ideo
749 2430 784 2490 ut
808 2432 895 2491 certe
918 2424 1108 2508 quaudoque
1132 2425 1306 2506 quiescant.

345 2552 463 2618 Addito
487 2559 654 2636 praeterea
679 2561 715 2620 ut
738 2554 853 2619 levitas
878 2556 910 2618 in
935 2573 1069 2636 corpore
1092 2559 1185 2619 tauto

344 2680 411 2745 Aut
436 2680 581 2764 gravitas
605 2681 673 2744 sine
697 2681 759 2746 fine
781 2680 883 2747 soret:
909 2683 992 2766 quod
1016 2681 1121 2748 dicere
1144 2685 1171 2747 si
1197 2685 1255 2760 vis,

348 2809 402 2889 Te,
430 2809 545 2895 triplici
568 2819 720 2896 argutum
745 2811 894 2894 absurdo,
919 2813 1038 2879 dixisse
1061 2815 1202 2898 pudebit.

344 2937 490 3001 Primum
515 2941 572 3013 est,
598 2937 680 3020 quod
704 2941 852 3023 gravitas
876 2941 959 3007 liniti
982 2946 1138 3026 corporis,
1162 2951 1256 3029 atque

342 3069 485 3147 infiniti,
510 3090 662 3136 mensura
686 3075 893 3142 invenientur
917 3080 948 3142 in
973 3100 1047 3146 uria.

342 3204 488 3287 Namque
512 3209 617 3289 gravi,
643 3210 726 3291 quod
750 3214 793 3278 sit
817 3213 908 3280 linito
933 3217 1079 3301 pondere,
1107 3224 1233 3284 tuntum

342 3330 498 3397 Ponderis
522 3354 690 3418 apponam,
716 3358 777 3421 quo
802 3341 931 3407 tandein
954 3347 1145 3429 aequabitur
1168 3353 1223 3419 illi.

343 3460 420 3525 Sive
443 3461 570 3529 infinita
593 3484 635 3528 ex
658 3485 764 3532 massa
787 3469 965 3538 subtractio
989 3474 1064 3540 fiat:

343 3592 393 3657 Ex
417 3595 479 3658 isto
503 3615 578 3660 mox
602 3595 776 3662 absurdum
799 3602 1007 3686 sequiturque
1029 3610 1215 3689 secundum,

343 3721 436 3794 Quod
459 3726 608 3808 gravitas
632 3726 760 3792 taudem
784 3728 892 3794 linitae
915 3731 1008 3795 molis
1031 3741 1067 3801 ut
1089 3758 1158 3803 esse

341 3853 496 3938 Aequalis
520 3858 635 3940 potuit,
660 3858 700 3943 (si
725 3860 931 3943 quantumvis
954 3866 1176 3951 superaddas)

341 3986 457 4075 Major,
482 3990 626 4078 subjecta
650 3991 721 4068 hac,
738 3990 786 4076 (2)
811 3989 934 4056 infinita
958 3992 1154 4064 inveniatur.

320 4203 350 4259 (1)
365 4204 475 4260 Leugerei
490 4203 580 4258 meglio:
599 4206 647 4252 ille,
656 4204 738 4259 perebo
750 4205 771 4247 di
782 4204 853 4249 centri
866 4204 1019 4248 essendoreue
1034 4217 1064 4248 un
1078 4206 1134 4261 solo,
1149 4220 1194 4252 uon
1207 4222 1301 4257 occurre
1315 4214 1421 4262 determi.

294 4300 370 4342 narlo:
382 4300 448 4341 illesi
464 4297 593 4341 riserirobbe
602 4310 617 4340 a
628 4304 710 4342 attolus.

321 4396 351 4451 (2)
363 4395 447 4444 Questa
457 4395 545 4453 virgolu
556 4408 568 4438 o
578 4393 600 4439 la
609 4395 744 4450 precedente
754 4408 863 4442 maneano
873 4396 909 4442 nel
922 4403 994 4442 testo:
1006 4399 1057 4443 emi
1065 4398 1183 4446 sembrnno
1191 4407 1318 4452 necessarie
1328 4420 1342 4453 a
1355 4407 1420 4455 chia·

293 4489 337 4535 rire
346 4489 362 4533 il
372 4503 446 4534 senso.
