3442 5108
760 317 937 376 -306-

327 504 445 571 Orbem
470 504 605 581 telluris;
629 502 813 588 complexus
838 482 932 567 lunae
956 501 1013 588 (l),
1030 501 1200 574 elementa;
1224 500 1281 589 (2)

327 630 480 697 Concava
504 630 656 695 Mercurii
680 631 790 693 Lunae
814 628 923 692 orhem
948 627 1097 712 sphaera,
1123 626 1177 692 ubi
1202 627 1330 692 tandem

328 759 497 825 Perfectus
520 758 619 824 nihilo
643 760 684 824 sit
706 756 842 822 mundus
866 755 906 821 ah
930 755 1006 820 orbe
1030 767 1194 838 superno·

328 881 389 956 Qui
412 876 526 948 differt'.
552 882 686 947 Addam:
711 881 868 967 perfectus
892 886 925 948 et
949 881 1016 965 ipse
1040 899 1208 964 supremus

329 1014 424 1080 Orbis
447 1016 510 1080 erit
534 1018 659 1081 tantum
684 1033 742 1099 pro
766 1018 856 1097 parte
879 1012 940 1076 hac
964 1011 1085 1085 ultima,
1110 1030 1192 1093 (puae
1216 1010 1258 1076 sit

331 1144 569 1230 Comprendens
594 1149 742 1230 reliquas.
767 1149 877 1230 Neque
902 1145 1030 1212 tandem
1054 1167 1129 1231 pars
1153 1168 1192 1211 ea
1216 1151 1351 1231 primum

330 1271 468 1340 Perfecti
492 1277 576 1339 ratio
600 1280 658 1349 est,
684 1273 780 1338 facies
805 1294 917 1338 verum
945 1274 1056 1338 ultima
1080 1280 1217 1350 tantum,
1242 1275 1290 1360 (3)

335 1405 472 1469 Planum
496 1408 632 1469 convexi
658 1424 739 1487 quae
762 1402 891 1468 dicitur.
919 1403 959 1467 Et
982 1401 1082 1466 nihilo
1106 1402 1162 1466 illa

336 1538 503 1606 Constabit
528 1534 611 1620 quod
635 1501 808 1619 perfectum
832 1535 904 1610 siet;
921 1534 969 1619 (4)
994 1532 1131 1616 undique
1157 1540 1265 1619 partes

333 1675 411 1760 Ejus
435 1673 518 1735 enim
544 1666 672 1748 reliquis
697 1669 848 1730 constant
871 1685 942 1728 cum
967 1663 1124 1748 partibus
1148 1684 1213 1728 una

332 1796 368 1859 In
394 1793 524 1876 longum
551 1795 583 1854 et
607 1788 709 1852 lutum
733 1786 913 1851 haerentes.
942 1784 1078 1869 Ideoque
1103 1785 1212 1850 videto

335 1920 438 1994 Quam
462 1917 550 1983 tenui
574 1918 698 1979 constet
722 1913 831 1977 mutuli
855 1912 1007 1998 perfectio
1033 1914 1160 1979 techna!

336 2053 439 2126 Quum
454 2069 554 2132 neque
568 2068 651 2132 pars,
664 2068 763 2130 neque
780 2047 881 2110 fornia
900 2048 1021 2130 probet,
1039 2068 1138 2130 neque
1153 2049 1211 2123 vie,
1228 2068 1326 2131 neque
1343 2046 1413 2112 finis

336 2180 387 2242 Ex
412 2178 554 2242 bonitate
580 2176 682 2250 datus
709 2194 809 2257 neque
835 2175 988 2238 terminus
1011 2173 1179 2241 efficientis

337 2308 517 2384 Perfectus,
543 2306 595 2388 qui
620 2303 791 2388 perfectam
818 2305 1003 2388 contingere
1029 2310 1145 2368 metam

338 2446 408 2508 Hoc
432 2460 511 2525 opus
536 2435 665 2512 efficiat,
691 2435 823 2498 nihilum
847 2455 945 2516 quare
970 2442 1101 2518 appetat
1124 2434 1219 2498 ultra.

335 2711 428 2775 Quam
452 2704 615 2782 nugatoriis
637 2701 767 2760 universi
789 2700 995 2778 perfectionem
1016 2704 1125 2761 astruit
1145 2704 1326 2777 rationibus;
1348 2723 1419 2780 qua·

296 2855 361 2895 rum
384 2833 478 2911 prima
499 2834 553 2902 est,
575 2826 643 2902 quia
664 2844 721 2884 nou
743 2823 844 2882 finitur
864 2823 901 2879 ad
923 2823 1012 2893 aliud,
1035 2824 1103 2898 quia
1118 2823 1229 2883 scilicet
1243 2832 1288 2885 est
1300 2825 1417 2884 finitum

294 2975 348 3035 per
374 2973 415 3013 se.
444 2949 534 3028 Cujus
562 2955 661 3008 tarmen
690 2944 833 3004 ratiocinii
860 2943 986 3001 inedium
1008 2943 1073 3018 plus
1093 2945 1130 3001 ad
1153 2949 1284 3003 nostrum
1303 2945 1417 3005 faceret

296 3082 489 3161 propositum,
512 3095 597 3153 quam
620 3074 720 3153 ipsius:
743 3072 849 3130 etenim
866 3070 1026 3147 perfectum
1043 3070 1141 3129 verius
1157 3072 1214 3131 erit
1228 3074 1303 3147 quod
1321 3091 1416 3148 neque

300 3207 368 3261 actu
390 3215 482 3274 neque
504 3195 644 3273 potentia,
666 3210 758 3266 noque
773 3209 814 3262 re,
830 3208 922 3264 nequo
937 3187 1144 3263 imaginatione
1160 3189 1260 3247 finitur
1275 3189 1312 3247 au
1327 3191 1417 3251 aliutt:

298 3318 348 3376 sed
371 3333 484 3374 omnem
507 3318 615 3381 actum,
636 3309 807 3386 potentium,
830 3309 1126 3382 imaginationumque
1148 3308 1211 3366 finit
1233 3308 1342 3368 aliam:
1362 3311 1418 3366 hoc

298 3444 343 3496 est
364 3437 519 3494 infinitum.
542 3432 630 3491 hfitto
652 3431 780 3490 rationes
802 3448 874 3505 quas
896 3430 1123 3490 verosimiliores
1145 3432 1291 3491 subnectit
1310 3434 1419 3490 cahba-

298 3558 420 3629 hethas,
441 3557 476 3614 tte
498 3555 603 3631 quibus
623 3553 833 3630 perpendendis
855 3555 934 3613 locus
957 3558 1038 3615 nohis
1060 3561 1147 3627 essct,
1169 3558 1217 3616 ubi
1232 3559 1267 3616 de
1283 3558 1414 3618 Numero

300 3675 492 3735 tractavimus
521 3676 551 3730 et
577 3671 693 3746 figura3
716 3670 752 3729 ibi
775 3689 882 3747 magna
903 3691 941 3732 ex
961 3678 1045 3750 parte
1066 3694 1103 3733 ex
1124 3676 1304 3737 authoritate
1325 3695 1417 3752 expe-

329 3933 358 3986 (1)
369 3933 454 3980 Questa
465 3931 553 3985 virgata
563 3944 649 3974 manca.

330 4031 360 4084 (tt
372 4028 412 4079 Qut
423 4029 542 4071 irremota
553 4036 658 4084 uupuuto
669 4029 710 4071 che
722 4042 765 4072 non
777 4028 797 4070 ci
808 4040 848 4080 va3
861 4027 875 4068 n
890 4040 956 4069 senso
967 4027 1060 4069 essendo
1079 4034 1167 4080 questo:
1187 4032 1232 4067 «ut
1245 4039 1286 4065 ner
1301 4026 1425 4079 (perstriu-

301 4136 345 4188 pr't)
357 4134 434 4175 ortem
446 4134 690 4186 terrram·coinpnaur
701 4133 772 4173 htnur
780 4128 934 4183 (pcrutriupit)
944 4129 1067 4177 eterurntru
1076 4136 1178 4167 coercere
1190 4124 1291 4178 sphaera
1302 4125 1425 4175 ,verrunt

303 4226 381 4268 ortem
391 4227 471 4274 furiam
487 4225 527 4263 uhi
537 4223 639 4275 randena,
650 4226 800 4276 sitprrputus
813 4221 915 4262 rotradus
925 4221 967 4272 qvi
979 4219 1052 4260 nihilo
1066 4215 1143 4268 differt
1154 4247 1159 4256 .
1171 4246 1176 4256 .
1190 4247 1194 4256 .
1206 4230 1217 4255 ›

331 4316 361 4369 (3)
372 4318 456 4365 Questa
468 4316 553 4369 virgata
564 4329 642 4358 marma
653 4317 688 4358 nel
699 4324 763 4358 testo.

332 4410 361 4463 (t)
371 4409 454 4457 Questo
463 4416 531 4465 punto
539 4422 552 4450 e
563 4409 650 4463 virgula
661 4420 740 4452 manca
749 4421 809 4465 pure.
