3442 5108
885 315 1064 374 -238-

471 498 543 573 Quo
567 518 601 563 se
624 495 791 572 diffundet,
816 497 918 564 bonus
942 505 975 567 et
998 501 1125 570 dicatur
1148 503 1190 569 ad
1212 508 1307 571 extra
1330 504 1390 592 (1),

469 629 512 694 Et
533 629 601 693 sine
625 627 686 692 fine
714 630 827 708 malus,
852 629 900 716 (2)
924 628 1026 694 bonus
1049 636 1081 696 et
1105 631 1193 698 finite
1216 634 1279 698 erit
1300 634 1361 709 ille,

470 760 550 827 Cum
574 766 665 828 tanto
689 781 708 826 a
731 761 827 826 nebus
850 765 1013 846 proprium
1037 763 1140 848 magis
1163 761 1334 830 abstrahet
1357 768 1478 830 actum.

471 891 564 966 Quod
587 892 613 955 si
636 896 722 957 certa
747 890 832 956 foret
853 895 1017 957 tantarum
1041 893 1132 976 copia
1156 911 1273 964 renum,

473 1020 524 1086 nd
549 1021 704 1087 trutinam
729 1019 776 1106 (3)
800 1021 924 1085 numeri
946 1027 1075 1105 possent
1098 1021 1233 1095 ratione,
1258 1018 1308 1106 (4)
1333 1022 1444 1085 creata

468 1146 657 1213 Nominibus
677 1146 789 1214 dolata
812 1148 877 1213 suis
900 1166 1023 1232 quoque
1048 1147 1163 1215 adactu
1185 1148 1299 1213 videri.

463 1371 714 1437 Quemadmodum
735 1388 850 1447 quoque
869 1371 977 1429 bonum
999 1372 1043 1429 cst
1062 1369 1203 1427 mundum
1223 1386 1287 1428 csse
1308 1367 1364 1440 hie,
1387 1370 1417 1426 et
1437 1367 1550 1428 malum

424 1493 500 1555 sonet
520 1513 576 1553 non
597 1512 673 1567 esse;
686 1494 765 1552 haud
786 1494 873 1552 aliter
893 1494 923 1552 in
944 1492 1030 1552 simili
1052 1494 1149 1570 spacio
1171 1511 1190 1552 a
1209 1490 1353 1552 similibus
1374 1492 1471 1552 causis
1501 1493 1551 1551 bo-

424 1630 493 1673 num
515 1617 561 1672 est
581 1630 656 1680 esse,
677 1616 707 1671 el
728 1612 838 1671 mulum
860 1617 999 1689 perpetuo
1015 1631 1070 1671 non
1086 1631 1148 1672 esse
1163 1612 1312 1671 mundum.
1327 1610 1358 1670 Si
1370 1629 1441 1688 engo
1462 1629 1551 1670 mun·

424 1734 478 1792 dus
502 1731 557 1792 iste
578 1732 656 1792 solus
677 1736 721 1792 est
741 1737 771 1792 et
792 1752 848 1791 nou
869 1732 954 1804 alius,
976 1733 1238 1809 quomodocunque
1257 1750 1361 1791 nomen
1376 1733 1429 1792 tibi
1448 1733 1553 1792 mundi

424 1857 605 1934 occipicium
626 1856 735 1914 bouum
755 1854 802 1935 (ul
823 1873 913 1933 supra
934 1872 1048 1932 quoque
1070 1854 1178 1913 dietum
1192 1855 1251 1931 est)
1265 1857 1343 1912 essct
1359 1851 1476 1911 finitum
1492 1852 1552 1912 sin·

423 1976 535 2052 gulare,
547 1978 577 2034 el
590 1973 785 2047 individuum,
798 1975 909 2033 malum
921 1977 1019 2032 aulem
1035 1972 1181 2031 infinitum
1197 1972 1419 2031 diffusissimum
1439 1977 1470 2031 et
1484 1972 1553 2030 uni·

423 2093 745 2155 versalissimum.-Il.
756 2093 879 2154 Nullum
891 2113 983 2170 neque
994 2098 1123 2173 exparte
1134 2095 1296 2161 efficientis,
1307 2112 1402 2170 neque
1416 2114 1454 2154 ex
1466 2099 1553 2173 parte

423 2220 466 2280 uei
487 2219 591 2292 factae,
612 2238 705 2297 neque
727 2237 764 2278 ex
784 2225 868 2298 purlc
888 2219 993 2297 spacii,
1015 2237 1109 2295 neque
1128 2219 1218 2278 alium
1238 2221 1349 2295 fingere
1364 2219 1457 2296 possis
1476 2238 1553 2279 cnu-

423 2354 486 2395 sam
500 2338 575 2396 tanti
599 2337 666 2396 boni
688 2356 751 2397 esse
772 2337 1129 2415 impedimentum—Ill.
1145 2336 1268 2397 Nullum
1283 2336 1412 2396 ociosum
1430 2343 1462 2395 et
1476 2355 1554 2398 ava·

424 2476 489 2518 rum
511 2462 607 2535 polest
634 2457 670 2514 ud
692 2459 834 2516 bonorum
856 2457 990 2517 effectum
1011 2477 1041 2518 se
1071 2458 1255 2517 comunimus
1276 2462 1306 2516 el
1327 2457 1499 2529 diffundere,
1523 2462 1554 2518 el

423 2579 485 2637 sine
499 2595 586 2637 causa
608 2596 664 2635 non
684 2594 715 2635 se
731 2576 894 2635 diffundens
907 2578 951 2653 (dl
966 2582 1141 2654 potestesse
1156 2578 1272 2636 bonum.
1283 2576 1383 2636 Primo
1398 2576 1476 2636 sicul
1491 2596 1550 2636 uon

424 2699 527 2772 polens
548 2699 593 2753 est
615 2695 761 2771 privative
782 2694 955 2765 mulum‚itn
969 2700 1071 2771 polens
1092 2701 1122 2755 el
1146 2696 1246 2755 nolens
1270 2697 1397 2774 idipsum
1423 2695 1552 2773 positive

423 2821 454 2876 et
474 2817 649 2877 affirmative
670 2820 767 2889 esset,
789 2818 921 2894 idemque
942 2835 994 2894 pro
1015 2819 1098 2877 flnilo
1120 2819 1225 2878 ellectu
1247 2819 1330 2879 finite
1354 2820 1446 2879 bonus
1473 2823 1553 2880 esset

425 2935 560 3006 efficiens,
575 2953 627 3012 pno
643 2936 773 2996 infinitae
793 2940 891 2995 autem
911 2936 1034 2995 actionis
1055 2938 1236 3013 repressione
1256 2944 1334 2998 esset
1353 2938 1467 2997 infinite
1485 2955 1550 2998 ma·

423 3054 517 3114 lus-
530 3053 583 3115 lv.
604 3056 738 3121 Quinimo
759 3055 880 3115 effectus
901 3055 966 3126 iste,
989 3072 1075 3129 quem
1096 3056 1150 3116 tibi
1172 3059 1301 3135 objectas
1322 3064 1462 3134 tunquam
1486 3075 1552 3117 rem

424 3192 570 3252 magnam,
592 3177 732 3235 mundum
752 3176 789 3235 ad
811 3174 968 3246 infinitum,
988 3174 1046 3233 imo
1067 3176 1104 3234 ud
1125 3177 1347 3238 innumerabilis
1369 3179 1446 3238 finiti
1467 3177 1554 3238 diffe-

425 3305 545 3380 rentias,
566 3307 639 3366 nihil
661 3311 715 3378 est,
736 3304 779 3383 (d)
799 3303 875 3364 siene
889 3300 1079 3377 quodeunque
1094 3320 1233 3377 magnum
1247 3322 1353 3381 corpus
1368 3323 1386 3363 a
1403 3304 1552 3361 momento

426 3431 546 3508 majoris
567 3431 741 3491 continentis
755 3433 819 3488 lum
833 3427 950 3486 demum
971 3427 1112 3499 tanquam
1134 3431 1267 3485 cenicum
1288 3426 1318 3485 in
1340 3425 1463 3484 nihilum
1479 3439 1553 3480 cva-

427 3553 528 3613 nescit.

455 3748 485 3802 (l)
498 3746 537 3789 Nel
548 3752 606 3788 testo
617 3754 698 3787 iiiuncu
709 3750 788 3798 ‘ucesiu
800 3744 894 3798 virgula.

453 3846 483 3894 (ι’)
494 3841 576 3883 lluucn
585 3852 639 3895 pure
650 3839 671 3882 la
682 3838 780 3893 virgula,
789 3839 815 3881 cd
826 3842 971 3894 coppomunn
980 3850 994 3881 u
1003 3837 1096 3881 chintius
1104 3836 1117 3878 il
1128 3847 1200 3877 senso.

455 3945 487 3997 ln)
498 3945 513 3985 ll
527 3949 587 3984 testo
597 3941 641 3983 hu:
654 3941 770 3982 nucinam
781 3941 824 3982 nd:
834 3940 861 3982 ed
871 3940 886 3983 il
897 3946 967 3983 melre
978 3938 1012 3982 nol
1022 3943 1142 3991 comporto.

456 4040 485 4083 (ll
496 4037 579 4084 Onusta
589 4033 676 4085 circula
687 4045 768 4074 manvu
778 4033 812 4075 nel
821 4039 886 4075 lecto.

456 4132 486 4175 nil
497 4130 575 4177 Quicni
587 4128 676 4170 sembra
685 4128 774 4170 ‹lm-ersi
786 4131 880 4182 rinocore
892 4130 905 4171 il
917 4132 1018 4170 ηηΙΙυυι.

456 4224 486 4274 (d)
502 4221 532 4262 Lc
549 4221 592 4263 (luc
607 4221 691 4273 visuale
706 4230 741 4263 nn
755 4222 790 4264 cni
805 4223 833 4264 lio
848 4220 926 4264 culoso
939 4219 953 4262 il
970 4222 1031 4263 riulan
1044 4227 1076 4261 cul
1091 4233 1199 4263 liinuunno
1215 4219 1248 4259 nol
1265 4226 1322 4258 lesen
