3442 5108
782 357 819 369 -
843 317 902 385 176
920 356 961 368 ⁴-

241 590 243 594 ⁴
291 515 510 592 vicissitudo
529 514 779 617 generationis
795 513 1115 615 corruptionisque
1134 511 1336 614 perficitur.
1349 512 1415 587 Li-

294 647 354 718 cet
373 643 484 718 etiam
504 640 584 719 dari
603 647 762 743 nequeat
780 634 989 741 ingenitum
1008 636 1313 743 corruptible,(l)
1331 639 1416 740 quid

292 767 455 871 impedit,
475 792 547 869 quo
568 768 691 844 minus
711 792 792 843 esse
812 765 928 865 possit
948 765 1127 868 genitum,
1148 765 1246 867 quod
1265 765 1417 841 minime

292 894 566 997 corrumpitur?
600 894 691 971 haec
719 893 855 970 etenim
889 899 1003 987 astra,
1023 893 1111 970 licet
1138 892 1263 970 omnia
1289 895 1417 994 genita

293 1019 377 1112 sint,
392 1019 505 1096 talem
524 1018 764 1095 nihilominus
782 1022 893 1095 nacta
912 1025 998 1095 sunt
1017 1017 1182 1095 animam
1196 1024 1234 1096 et
1252 1020 1326 1096 tale
1346 1019 1417 1095 iliis

294 1145 419 1222 adstat
438 1143 599 1223 efficiens
626 1145 800 1248 primum,
821 1142 930 1245 quale
949 1144 1045 1220 lianc
1075 1141 1179 1220 velut
1206 1145 1253 1220 ab
1281 1146 1419 1221 extrin-

294 1296 378 1348 seco
414 1278 592 1374 perpetuo
625 1273 821 1350 materiam
847 1273 1093 1350 tenacissimis
1117 1273 1274 1351 vinculis
1295 1276 1418 1351 valeat

294 1396 477 1474 cohibere.
500 1399 689 1502 Perpetua
706 1399 822 1499 igitur
849 1399 942 1476 haec
961 1401 1055 1476 bene
1069 1381 1278 1477 adtestatur
1296 1401 1417 1494 Plato,

294 1522 340 1597 ab
376 1525 560 1626 aegyptiis
592 1528 630 1600 et
666 1524 922 1626 pythagoricis
955 1529 993 1601 et
1024 1525 1149 1602 siculis
1186 1527 1415 1629 philosophis

296 1647 447 1724 edoctus
465 1646 722 1752 (quantumvis
742 1674 817 1726 non
835 1649 915 1726 sine
942 1651 1109 1753 potentia
1136 1653 1182 1729 ad
1201 1653 1418 1732 dissolutio·

295 1800 396 1869 nem,
416 1802 537 1879 exque
566 1776 764 1855 contrariis
793 1776 984 1856 elementis
1013 1783 1218 1884 composita
1250 1782 1307 1887 (2)
1335 1784 1418 1859 exi-

296 1904 425 2008 stant),
445 1908 508 2009 qui
526 1909 690 2010 primum
711 1908 832 1984 Deum
847 1906 1132 1987 circumstantes
1157 1911 1225 1987 sibi
1244 1911 1342 1987 Deos
1360 1911 1419 1986 ai-

296 2037 508 2140 ioquentem
527 2038 749 2116 introducit:
785 2066 803 2110 ‹
822 2063 886 2113 uos
900 2040 1049 2139 pendent
1077 2038 1304 2114 (learnt-ndr'ies
1322 2045 1419 2116 estes.

297 2190 539 2265 nequaqnam
562 2192 646 2241 itero
670 2163 926 2240 de'ssolucnu‘rn'
941 2192 977 2238 ›.

318 2435 446 2502 Cluen
472 2436 704 2504 SECUNDUM
730 2434 898 2502 LIBRUM
922 2433 976 2498 DE
1001 2432 1140 2498 COELO
1165 2432 1218 2495 ΕΤ
1244 2431 1407 2497 utJNur‘r.

740 2701 859 2754 nuuc.
879 2700 965 2752 Lxu‘
972 2735 979 2750 .

353 2930 565 3010 innnortale
584 2930 672 3008 illud
693 2929 828 3009 coelum
846 2939 958 3035 atque
980 2930 1161 3022 divinum,
1178 2931 1233 3030 cuj
1241 2954 1282 3005 us
1300 2931 1424 3005 motus

300 3056 547 3150 incessabilis,
577 3083 696 3159 neque
723 3058 946 3162 principium
972 3059 1112 3135 habens
1145 3081 1266 3158 neque
1300 3058 1423 3148 finem,

300 3186 426 3264 omnia
458 3184 663 3280 continens
690 3186 785 3263 nihil
811 3186 911 3263 aliud
939 3187 1144 3263 secundum
1160 3259 1161 3263 ,
1178 3185 1423 3263 substantiam

301 3344 382 3394 esse
409 3317 587 3403 dicimus,
617 3341 728 3419 quam
756 3324 902 3408 adrem,
930 3340 1050 3417 neque
1084 3317 1166 3416 ejus
1194 3312 1310 3389 aliurn
1344 3339 1424 3389 esse

300 3454 456 3539 motum,
486 3472 596 3548 quam
623 3447 733 3523 adria
763 3447 883 3523 Porro
910 3453 1035 3522 adrem
1068 3444 1252 3547 duplicem
1282 3470 1424 3547 cogno-

302 3574 456 3650 scimus:
487 3574 599 3650 talem
618 3574 803 3661 videlicet,
822 3571 941 3674 qualis
968 3577 1025 3648 est
1053 3571 1293 3649 turbulentus
1313 3578 1425 3674 atque

303 3705 587 3800 tempestuosus,
608 3701 668 3802 qui
703 3706 862 3801 estpars
887 3696 1116 3775 substantiae
1145 3697 1290 3774 telluris
1314 3704 1352 3775 ct
1379 3699 1424 3774 ad

304 3829 413 3904 unius
432 3829 530 3929 globi
550 3830 656 3906 istius
676 3829 975 3906 constitutionem
995 3853 1232 3906 concurrens:
1261 3835 1299 3906 et
1318 3837 1425 3905 tran·

344 4061 391 4142 (1)
405 4063 427 4124 ll
440 4061 517 4118 testo
531 4053 579 4112 ha:
591 4059 835 4136 incorruptibile:
845 4057 998 4119 IlGsriirer
1010 4053 1222 4129 corruptibile:
1235 4053 1271 4111 ho
1281 4061 1428 4116 accettata

304 4163 397 4238 quest*
410 4161 513 4219 ultima
527 4157 643 4229 lezioue,
658 4173 740 4215 corne
754 4155 897 4233 migliore.

343 4262 388 4338 (2)
402 4261 426 4319 Il
440 4258 571 4329 Gfrorer,
586 4255 743 4316 d’aecordo
758 4255 803 4314 col
817 4260 905 4329 testo,
919 4254 1013 4331 legge:
1027 4269 1090 4312 non
1105 4253 1253 4311 ese'stnnt:
1265 4250 1293 4310 io
1307 4253 1393 4313 cretio
1409 4253 1428 4312 il

304 4380 368 4422 non
382 4360 531 4421 contrario
546 4359 574 4417 al
588 4377 682 4427 senso,
695 4375 711 4413 e
725 4357 762 4416 da
774 4355 962 4432 supprimere.
