3442 5108
770 254 947 314 -275-

757 516 900 582 CAPUT
925 516 981 581 VI.

327 723 433 770 Quartum
450 733 605 779 argumentum
620 726 720 778 solvitur,
735 726 794 782 quod
809 733 844 770 est
857 740 885 770 ex
898 733 946 770 toto
960 734 1056 770 motuum
1072 734 1193 782 generosi
1206 726 1332 770 ostenditur
1345 736 1401 780 que·

354 815 494 858 madmodum
504 824 527 859 et
536 819 554 860 si
564 818 606 859 duo
618 818 704 863 munna
714 833 739 861 se
749 820 887 875 contingant,
898 821 934 863 vei
943 820 1061 875 adtingunt
1075 822 1111 863 val
1125 821 1290 865 ndrniscoanrur
1299 829 1400 874 corpora,

352 921 397 950 non
406 910 507 964 sequitur
517 911 576 953 actio
585 913 622 954 vel
629 914 703 967 passio
713 913 798 956 infinita
809 914 851 955 nisi
861 913 985 965 extensive;
994 911 1051 955 nude
1062 912 1143 955 nulium
1152 924 1203 954 esse
1213 917 1288 967 posset
1297 909 1402 952 inconve-

353 1000 424 1044 niens.

395 1143 537 1207 Rursum
561 1146 752 1230 principium
775 1165 816 1209 ex
840 1146 913 1211 aliis
935 1152 1042 1213 motus
1066 1142 1229 1229 speciebus

352 1277 551 1362 Concipiens
577 1279 664 1342 vires
688 1278 734 1342 sie
757 1296 850 1341 orsus
874 1275 998 1341 viribus
1025 1274 1121 1341 addit.

349 1406 391 1471 Et
413 1425 528 1489 corpus
551 1404 621 1467 sine
645 1402 706 1468 fine
729 1404 840 1487 nequit
863 1404 1049 1481 consistere,
1064 1401 1148 1485 quod
1173 1399 1249 1484 quid

346 1532 371 1596 F
375 1532 491 1598 initum
516 1537 660 1618 peragat,
686 1532 770 1616 quod
795 1530 836 1595 ab
859 1533 926 1616 ipso
952 1531 1004 1596 vel
1027 1531 1189 1615 patiatur:

349 1661 463 1726 Passio
487 1682 599 1746 nempe
622 1663 725 1725 omnis
749 1662 838 1727 velut
861 1666 911 1727 est
934 1662 967 1725 in
991 1665 1134 1743 ternpore
1158 1661 1225 1722 mot
1249 1673 1275 1728 S,

349 1796 467 1880 Exiget
492 1801 525 1861 et
550 1799 682 1879 tompus.
708 1794 815 1868 Quare
840 1793 1008 1876 contingat
1031 1791 1159 1873 oportet

345 1925 486 1991 Finitum
511 1932 547 1991 ut
572 1945 698 2009 corpus,
724 1943 947 2010 comprensum
970 1920 1114 2005 margine
1138 1920 1237 1994 certa,

344 2055 392 2136 (Si
418 2055 545 2138 quando
570 2056 650 2119 haee
675 2055 777 2140 possis
802 2074 836 2117 se
861 2055 944 2119 iuter
968 2051 1085 2116 coliata
1109 2046 1237 2132 putare>

344 2183 415 2256 Qua
438 2187 470 2248 et
493 2183 661 2257 infinitum,
687 2181 790 2246 forma
814 2180 974 2246 afficiatur
996 2178 1118 2258 eadem,

348 2309 453 2391 :itque
477 2307 554 2372 rata
578 2311 678 2392 possit
701 2308 795 2392 parili
820 2308 939 2372 virtute
965 2308 1109 2372 moveri:

344 2436 490 2519 Namque
513 2435 575 2500 duo
602 2436 680 2502 haec
706 2440 791 2502 inter
808 2445 947 2522 cognata
971 2437 1135 2521 proportio
1160 2439 1309 2512 constat;

344 2570 555 2655 Efficieusque
580 2575 683 2638 minor
708 2577 827 2659 poterit
851 2574 933 2657 quod
958 2575 1060 2659 major
1085 2572 1220 2647 habero,

344 2699 554 2784 Perfirietque
579 2704 691 2777 minor,
717 2703 749 2764 vi
775 2701 857 2785 quod
881 2701 1000 2787 majore.
1026 2711 1189 2784 peractum
1215 2706 1273 2764 est.

343 2833 409 2896 Neo
434 2835 556 2916 pariter
581 2833 675 2898 saciet
699 2836 828 2917 quisque
852 2836 920 2897 sine
945 2833 1007 2897 tine
1032 2838 1178 2916 potenter

344 2960 496 3047 Subjerto
523 2963 553 3025 in
578 2982 736 3046 quoquam
762 2963 868 3028 finito:
894 2983 1030 3046 uanique
1055 2964 1094 3027 ibi
1120 2972 1244 3047 tempus

344 3094 499 3177 Exigitur
520 3116 578 3160 ceu
604 3099 662 3176 vis,
688 3096 812 3161 finitum
835 3101 868 3161 et
891 3096 974 3180 quod
998 3097 1041 3163 sit
1065 3076 1245 3180 utrumque.

345 3220 427 3283 Nam
453 3223 547 3287 sicuti
574 3222 663 3286 lorus
688 3222 772 3286 haud
797 3225 916 3307 poterit
940 3223 1049 3289 finitus
1074 3221 1193 3287 habere

344 3349 520 3434 Complexu
547 3371 662 3436 corpus
687 3372 907 3436 comprensum
930 3354 1013 3438 quod
1038 3357 1105 3420 sinu
1129 3354 1191 3419 flne
1215 3360 1279 3431 est,

346 3481 398 3547 Sic
423 3481 568 3546 infinitae
591 3481 712 3545 formae
738 3484 796 3557 vis,
811 3485 967 3560 nrateriei

346 3614 436 3686 Quae
460 3610 609 3677 definitae
634 3631 800 3677 mensurae
824 3612 933 3688 subsit,
958 3614 1005 3700 (1)
1030 3616 1137 3701 inepta
1162 3621 1220 3681 est.

341 3746 481 3811 Finitum
505 3748 536 3809 et
562 3744 695 3828 patiens
713 3743 760 3830 (2)
780 3744 938 3812 infinitum
962 3746 1151 3814 efficientem

343 3878 512 3954 Quodnam
536 3877 621 3944 ferre
646 3882 758 3962 potest,
786 3878 837 3943 ubi
861 3885 951 3945 certa
974 3883 1149 3966 proportio,
1174 3882 1223 3968 (3)
1247 3883 1375 3968 agentis

322 4091 351 4144 (l)
363 4090 448 4137 Quesra
461 4090 570 4141 arpano
581 4091 602 4133 la
613 4091 747 4145 precedente
757 4100 868 4133 rauueano
878 4086 914 4131 nol
924 4094 990 4130 rosto.

324 4185 355 4235 (ι’)
367 4184 451 4230 Questa
462 4182 550 4227 vitrola
560 4195 640 4226 arama
650 4197 713 4240 pure.

321 4277 351 4326 (tt)
362 4280 445 4322 (rmum
456 4274 543 4325 vitrola
554 4287 641 4326 manea,
653 4290 666 4317 u
678 4275 723 4318 t'ho
734 4288 807 4319 merua
820 4275 902 4330 porche
912 4275 932 4317 si
942 4275 999 4318 vedu
1008 4273 1049 4318 ciro
1059 4276 1151 4328 opuntis
1159 4286 1239 4319 varon
1248 4278 1365 4329 virtutos,
1376 4288 1418 4320 non

294 4375 332 4429 gia
342 4386 384 4418 con
392 4378 522 4430 proportio.
