3442 5108
791 287 967 382 4222-

351 517 532 601 Praeoipua
554 534 632 599 ergo
660 514 722 580 loci
744 515 827 579 ratio
852 512 1068 579 contemnitur
1091 510 1146 586 illi,

349 646 414 710 Per
437 662 531 728 quam
555 661 619 706 non
644 659 777 725 usquam
801 638 950 703 mundum
975 636 1192 722 perhihebitur
1216 655 1295 702 esse.

350 775 432 849 Quin
457 778 490 839 et
512 772 586 836 dum
611 772 694 836 ratio
718 768 853 836 ulterius
874 769 1028 853 perquirit
1050 773 1083 833 et
1106 771 1213 851 urget,

349 902 470 985 Nempe
493 905 529 966 ut
552 918 733 964 convexum
756 899 891 981 primum
914 894 1062 978 dicatque
1084 893 1235 968 locatum,

349 1032 392 1097 Ut
415 1032 532 1116 parteis
555 1031 656 1114 inquit
679 1049 761 1114 quae
784 1031 815 1093 in
839 1028 983 1114 partibus
1006 1028 1226 1100 insituantur;

347 1160 446 1242 Inque
469 1158 524 1223 ilia
547 1179 626 1244 ergo
649 1160 712 1223 ista
734 1164 793 1239 est,
818 1159 913 1242 inque
936 1159 999 1223 ista
1022 1160 1071 1222 est
1095 1156 1148 1220 illa
1171 1155 1321 1221 vicissim.

348 1285 456 1371 Pergo
473 1285 819 1383 tame11,totum,cupio
835 1304 958 1368 quoque
973 1285 1065 1358 scire,
1083 1283 1132 1370 (1)
1148 1280 1222 1368 quid
1238 1285 1334 1348 extra
1345 1278 1418 1346 est?

348 1413 531 1497 Respondet
553 1434 649 1478 sensu
673 1415 807 1481 viduata
830 1435 909 1481 voce
932 1417 1085 1501 sophista:
1103 1415 1151 1501 (2)

347 1546 498 1610 Divinum
523 1566 588 1623 ens,
613 1567 721 1625 unum,
746 1553 908 1624 constans
931 1550 1000 1612 sine
1024 1546 1088 1611 fine
1110 1546 1248 1620 beatum,

345 1673 437 1738 Mens
459 1673 518 1738 sihi
540 1673 710 1751 sufficiens,
736 1675 815 1740 nihil
840 1674 958 1761 indiga,
982 1680 1100 1741 cuncta
1122 1672 1316 1758 gubernans.

346 1802 399 1868 Sic
423 1799 526 1868 sactus
549 1801 639 1866 nohis
662 1801 782 1887 sophus
805 1804 865 1868 iste
888 1802 1043 1887 propheta
1066 1804 1195 1885 repente
1219 1804 1269 1864 est

343 1933 502 2017 Implicita
517 1932 566 2020 (3)
591 1934 677 1999 filum
701 1937 776 2019 quia
799 1935 935 2021 perdidit
957 1936 989 1999 in
1014 1932 1204 2017 Labyrinto.

343 2056 448 2120 Porro
473 2054 529 2120 dic:
555 2058 602 2144 (4)
626 2057 696 2122 fieri
719 2077 857 2141 quonam
878 2058 1004 2122 ratione
1027 2059 1184 2140 potestur,

343 2188 414 2253 Ullo
439 2193 474 2253 ut
498 2190 622 2254 finitum
646 2190 735 2255 dicas
760 2210 824 2254 non
847 2208 980 2274 corpore
1004 2207 1130 2272 corpus,

341 2315 415 2380 Non
439 2314 532 2399 plano
556 2314 696 2400 planum,
720 2317 901 2400 spaciosum
927 2334 990 2380 non
1012 2312 1181 2399 spaciosot

343 2446 451 2520 Quare
475 2446 634 2512 infinitum
657 2453 784 2535 generis
808 2450 1008 2535 comprendis
1032 2450 1124 2525 alius,

341 2574 433 2649 Quod
457 2595 520 2641 non
543 2580 591 2642 est
614 2584 778 2661 quantum,
804 2598 905 2661 neque
928 2580 1040 2662 quanti
1063 2579 1220 2644 terminus
1243 2578 1304 2642 isto
1330 2579 1363 2641 in

341 2707 470 2784 Ordine,
495 2728 557 2792 quo
581 2709 710 2796 physice
734 2732 771 2776 ac
795 2713 942 2795 proprius
967 2710 1149 2795 perquirere
1172 2729 1309 2774 suemus,

340 2837 468 2902 Natura
490 2838 551 2903 hoc
574 2839 725 2923 siquidem
748 2841 860 2906 divina
883 2841 968 2905 haud
990 2846 1039 2906 est
1063 2842 1167 2905 minus
1192 2843 1279 2907 intra

344 2966 469 3041 Totum,
493 2984 552 3029 nec
576 2967 669 3031 varia
692 2988 750 3052 pro
773 2974 861 3034 sorte
884 2974 933 3032 est
956 2970 1043 3034 incus
1067 2973 1100 3032 et
1121 2976 1226 3033 extra:

340 3099 431 3173 Quae
456 3100 581 3164 ratione
605 3099 694 3166 locus
717 3121 782 3165 non
807 3099 872 3164 ulla
893 3104 951 3176 est,
973 3107 1068 3185 utque
1092 3099 1206 3164 locata.

340 3231 500 3295 Immensa
523 3230 575 3295 hic
593 3232 642 3317 (5)
667 3234 767 3318 igitur
790 3253 846 3318 pro
870 3235 1038 3321 majestate
1060 3233 1226 3309 colendus,

341 3361 506 3446 Corporea
528 3362 734 3430 nihilominus
758 3365 799 3430 ad
821 3366 993 3433 simulacra
1017 3369 1137 3436 relatus

338 3486 526 3551 innumeros
549 3489 634 3554 inter
656 3488 749 3554 divos
772 3489 852 3556 haec
875 3492 981 3556 sidera
1005 3493 1139 3559 mundos

340 3611 429 3685 Quos
452 3613 599 3699 lymphas
623 3637 712 3681 mens
735 3637 830 3683 sacra
853 3626 951 3686 vocat
972 3618 1179 3707 flammasque
1203 3626 1380 3700 ministras,

339 3741 577 3827 spirituumque
600 3744 725 3823 choros,
750 3752 906 3839 concentu
930 3751 1046 3833 quique
1069 3754 1202 3835 perenni

319 3935 349 3992 (1)
359 3937 443 3987 Queat&
452 3936 540 3993 vii-gelu
549 3950 562 3980 e
571 3937 594 3981 tn
603 3939 736 3994 precedente
746 3951 855 3984 monceno
865 3940 900 3984 nei
909 3948 981 3986 testo:
997 3943 1011 3985 ii
1020 3957 1084 3988 senso
1093 3947 1106 3986 e
1115 3958 1120 3987 :
1138 3945 1213 4000 rogito
1226 3958 1306 4002 sapere
1329 3957 1414 3989 ancora

292 4023 334 4067 che
343 4036 399 4068 cose
405 4025 445 4068 c'e
455 4025 513 4070 fuori
524 4026 545 4070 di
558 4034 615 4071 tutto
624 4027 645 4070 lo
654 4029 743 4084 spuiot

318 4113 349 4170 (2)
363 4115 474 4159 Mencano
483 4117 490 4160 i
499 4117 542 4161 due
550 4117 612 4174 puori
620 4119 656 4161 nei
664 4123 730 4162 testo:
741 4119 792 4162 oeli
801 4118 830 4162 ho
839 4118 905 4162 messi
915 4131 955 4175 per
963 4119 1055 4163 chinrire
1062 4120 1077 4163 il
1084 4132 1159 4163 senso.

318 4207 349 4261 (8)
362 4207 485 4264 Luggoni:
500 4211 622 4265 lmpttctto.

320 4300 352 4354 (t)
364 4299 423 4345 tdoe
432 4304 495 4358 ponti
504 4316 614 4350 moneam
623 4305 659 4350 uel
668 4312 735 4351 testo.

321 4393 352 4450 (5)
360 4393 380 4438 u
388 4402 447 4440 tento
460 4395 496 4440 lm·
507 4398 584 4452 hum
594 4397 608 4441 il
617 4398 682 4455 quote
691 4399 721 4444 mi
733 4400 823 4445 sembra
831 4412 874 4446 nou
882 4400 1016 4447 munzun
1024 4415 1099 4448 moso.
