3442 5108
711 371 891 436 -355-

227 514 354 589 tionem,
375 518 406 576 et
420 514 563 575 naturalis
577 514 748 576 constitutio
764 516 841 577 inter
856 515 1031 577 elementum
1044 515 1120 595 ignis
1142 519 1229 595 atque
1247 520 1346 579 terrae

226 654 283 696 non
297 634 336 694 sit
345 636 441 713 major
452 635 591 696 distantia
602 654 620 695 a
632 641 741 713 puncto
753 640 779 698 A
797 639 827 697 in
842 637 879 710 H,
893 656 981 716 quam
996 657 1013 699 a
1027 644 1135 718 puncto
1149 640 1176 698 G
1189 641 1219 700 in
1235 641 1270 715 B,
1284 647 1314 704 et
1328 662 1346 704 a

226 758 334 833 puncto
346 755 371 813 E
384 755 413 814 in
426 754 462 813 D.
475 754 512 816 Et
523 753 709 815 ostendemus
721 773 756 814 ea
767 773 840 831 quae
851 755 990 816 dicuntur
1001 757 1036 816 de
1048 757 1235 834 generatione
1248 776 1347 836 perpe·

225 877 276 934 tua
293 874 431 934 elementi
440 892 478 935 ex
492 873 632 936 confricta
648 877 768 937 concavi
783 878 955 938 orbislunae
966 862 1032 939 cum
1047 881 1191 941 elemento
1205 881 1345 958 subiecto,

226 997 303 1074 quod
315 997 340 1057 si
353 997 441 1058 debet
453 1000 644 1059 transmutari
655 1000 684 1059 in
696 999 804 1077 ignem,
816 1003 932 1077 oportet
942 1001 1028 1061 lunae
1042 1001 1213 1077 contiguum
1225 1018 1348 1061 esseae

224 1135 296 1176 rem:
305 1117 329 1176 si
340 1121 385 1177 est
396 1117 456 1194 jam
469 1118 675 1196 igniaoportet
683 1125 716 1181 ut
724 1120 787 1180 sine
795 1121 1040 1181 transmutatione
1048 1122 1077 1179 et
1088 1119 1163 1181 citra
1171 1118 1344 1182 confrictum

224 1237 306 1296 illum
318 1236 365 1297 sit.
378 1236 536 1315 Utcunque
550 1242 648 1300 tamen
663 1239 719 1311 sit,
734 1238 897 1313 videbitur,
914 1243 948 1298 ut
961 1242 992 1297 et
1005 1255 1195 1311 concessum,
1209 1239 1285 1315 quod
1304 1239 1346 1299 in-

222 1363 334 1424 tensior
354 1367 401 1423 est
413 1363 507 1440 ignis,
521 1363 569 1423 ubi
583 1363 727 1437 velocior,
748 1366 777 1423 et
798 1360 944 1440 potentior
963 1364 1008 1421 est
1028 1357 1206 1420 contrictos:
1227 1358 1292 1418 ideo
1313 1358 1344 1418 in

223 1482 342 1561 cingulo
357 1482 471 1543 telluris
485 1485 515 1543 et
529 1483 733 1559 aequinoctiali
746 1481 799 1541 illa
813 1482 890 1542 linea
904 1480 963 1542 erit
976 1479 1191 1540 intensissimus
1205 1478 1299 1557 ignis3
1315 1480 1345 1541 iu

222 1603 357 1663 terminis
370 1603 425 1674 IK,
442 1609 474 1665 et
488 1603 545 1663 LM
560 1603 618 1663 erit
631 1603 795 1675 remissior,
818 1603 846 1662 in
868 1603 1003 1681 polorum
1017 1619 1088 1663 vero
1103 1602 1217 1681 punctis
1233 1602 1258 1661 Ε
1273 1608 1303 1664 et
1317 1602 1345 1661 G

223 1722 330 1781 nullus.
346 1720 416 1780 Istis
428 1721 470 1781 ita
484 1738 516 1779 se
532 1720 705 1780 habentibus
720 1726 750 1780 et
764 1739 801 1779 cx
816 1721 873 1780 tuis
888 1717 1038 1797 principiis
1056 1718 1207 1781 deductis:
1222 1722 1345 1781 ostende

223 1860 333 1920 quaeso
345 1845 378 1901 ut
390 1840 538 1901 contraria
552 1842 680 1899 maximo
695 1840 806 1899 distant
826 1838 855 1897 in
871 1839 974 1897 ordine
995 1839 1105 1899 mundi.
1125 1839 1202 1906 Quid
1216 1839 1345 1899 haeresi

222 1959 351 2020 Ubinam
366 1962 412 2020 est
426 1957 558 2018 maxima
572 1957 722 2028 distantia,
738 1974 825 2034 quam
839 1957 926 2016 toties
940 1956 1044 2016 definis
1058 1974 1111 2034 per
1124 1962 1217 2016 totam
1232 1956 1345 2016 diame-

223 2077 326 2139 trumt
340 2077 427 2138 Nunc
442 2078 526 2136 video
543 2082 575 2137 ut
589 2076 715 2137 libenter
728 2076 819 2136 velles
834 2080 864 2136 te
875 2078 1021 2136 occultare
1033 2078 1061 2136 in
1073 2080 1182 2151 centro,
1192 2078 1267 2153 quod
1280 2095 1345 2138 ma·

223 2201 303 2263 xime
318 2201 408 2261 distet
421 2218 438 2259 a
452 2200 567 2277 punctis
581 2197 836 2258 circumferentiae
852 2200 878 2258 A
894 2199 918 2257 Ε
932 2199 957 2257 F
971 2200 1015 2271 G3
1036 2199 1086 2258 scd
1102 2198 1214 2258 duabus
1228 2198 1345 2258 ratiun-

221 2323 295 2383 culis
310 2340 368 2381 non
389 2326 490 2399 potes:
506 2339 629 2399 quarum
644 2321 740 2398 prima
760 2326 814 2393 est,
828 2322 904 2398 quod
926 2339 1073 2397 nunquam
1095 2340 1113 2380 a
1131 2325 1160 2381 te
1182 2338 1276 2397 neque
1290 2321 1341 2381 tibi

221 2442 342 2500 definita
352 2440 533 2500 estmaxima
544 2440 683 2500 distantia
698 2459 749 2518 per
759 2440 1018 2514 semidiametrum,
1030 2441 1079 2501 sed
1091 2460 1144 2519 per
1155 2442 1342 2503 diametrum:

221 2559 306 2620 modo
318 2575 392 2635 quae
407 2557 499 2617 intua
513 2557 647 2635 sphaera,
661 2561 691 2617 et
705 2562 755 2617 tuo
769 2556 871 2618 ordine
886 2555 1013 2617 maxime
1027 2557 1138 2616 distant
1151 2560 1219 2616 sunt
1234 2558 1260 2616 Α
1275 2556 1341 2616 etr

220 2676 246 2736 si
261 2677 373 2736 coelum
389 2675 535 2752 respicias,
551 2679 581 2733 et
596 2673 624 2732 ll
638 2679 668 2733 ot
682 2673 695 2731 Ι
711 2673 735 2732 si
750 2674 863 2734 telluris
879 2674 1007 2749 globum,
1023 2672 1141 2732 omnino
1155 2671 1264 2733 similia
1280 2670 1341 2746 (lve

220 2797 321 2857 eadem
341 2794 462 2874 potius)
476 2795 580 2856 calida.
601 2797 745 2856 Similiter
765 2800 829 2855 tota
849 2796 993 2854 diametro
1013 2797 1140 2857 maxime
1162 2797 1273 2858 distant
1285 2798 1343 2858 duo

218 2915 330 2994 frigida
344 2915 415 2977 Get
429 2918 462 2989 E,
478 2914 503 2974 si
519 2916 601 2992 polos
616 2917 697 2977 orbis
711 2918 833 2977 concavi
848 2917 934 2976 lunae
948 2918 1107 2996 respicias,
1128 2924 1158 2980 et
1171 2921 1195 2979 B
1210 2925 1299 2998 atque
1318 2922 1344 2983 D

218 3039 243 3099 si
261 3038 342 3117 polos
356 3039 434 3099 orbis
455 3044 561 3100 terrae.
578 3038 652 3098 Heio
672 3056 789 3098 nonme
810 3039 961 3116 permittes
981 3037 1117 3116 superius
1131 3038 1288 3128 ascendere
1309 3045 1343 3101 ut

217 3163 329 3239 majore
343 3161 484 3221 distantia
498 3163 534 3222 de
548 3162 759 3221 contrarietate
776 3159 938 3231 disseram,
960 3160 1031 3237 quia
1050 3158 1104 3219 tibi
1125 3159 1247 3235 quintae
1267 3163 1298 3221 et
1312 3160 1342 3220 in

217 3282 321 3360 quinta
343 3283 396 3344 illa
409 3284 537 3345 essentia
552 3284 625 3344 nihil
639 3287 684 3343 est
698 3283 888 3343 contrarium.
907 3281 1080 3341 blaneemus
1098 3298 1168 3357 ergo
1183 3286 1214 3339 ot
1228 3281 1258 3340 in
1272 3280 1341 3341 fini·

217 3404 389 3465 busnostris
403 3406 627 3465 contineamur:
641 3408 672 3464 et
686 3402 895 3481 permittamus
910 3404 940 3461 to
954 3400 1133 3460 occultatum
1155 3400 1191 3459 iri
1211 3399 1248 3459 ad
1270 3418 1342 3460 cen-

216 3528 314 3598 trum,
333 3543 549 3603 sucourresque
570 3526 623 3586 tibi
646 3524 863 3586 munitionibus
886 3542 1028 3584 novarum
1051 3523 1290 3596 distinctionum,
1311 3528 1342 3584 et

215 3643 291 3707 alins
305 3649 519 3707 contrariorum
541 3648 739 3717 delinitionis,
757 3651 861 3708 utnon
877 3648 936 3708 sint
950 3666 1024 3724 qnae
1047 3647 1183 3719 maxime,
1199 3648 1249 3707 sed
1265 3665 1341 3725 quae

215 3766 257 3825 ita
272 3765 319 3823 vel
341 3767 382 3824 ita
403 3767 523 3826 distent.
535 3768 597 3826 Aut
618 3767 791 3844 distinguas,
806 3768 842 3827 de
857 3766 986 3825 maxima
1007 3766 1147 3826 distantia
1167 3766 1339 3845 accipiendo

214 3902 278 3945 eam
295 3903 380 3963 quarn
394 3886 448 3944 tibi
463 3904 539 3945 nunc
559 3889 677 3963 porrigo
692 3886 781 3965 (quia
794 3906 845 3965 per
859 3891 889 3947 te
904 3887 999 3966 ipsum
1015 3906 1070 3947 non
1086 3906 1186 3965 posses
1200 3888 1337 3948 invenire

213 4001 362 4061 moliorem
376 4004 385 4078 )
400 4000 632 4075 distinctionem,
654 4021 756 4082 nempe
770 4004 849 4063 dicos
863 4026 869 4064 :
892 4004 1023 4065 maxima
1037 4002 1175 4064 distantia
1189 4004 1249 4064 ulia
1269 4004 1340 4081 qui-

213 4126 279 4187 dem
294 4132 340 4186 est
351 4125 530 4205 geometrica
541 4127 599 4205 (l),
613 4130 644 4187 et
654 4125 726 4185 haec
736 4126 783 4185 est
793 4140 846 4201 per
859 4123 1034 4185 diametrum
1044 4128 1076 4184 et
1090 4143 1147 4185 non
1158 4122 1231 4185 facit
1245 4140 1340 4205 neque

242 4366 274 4427 (1)
289 4365 305 4411 u
313 4374 372 4413 testo
382 4366 421 4413 ha:
432 4368 571 4425 peoneerlco.
