3442 5108
734 367 912 427 -349-

305 521 391 606 Ergo
415 516 502 602 quia,
527 512 646 600 proprii
668 512 833 597 vertigine
857 508 1010 594 eorporis,
1034 504 1165 572 umbras

304 651 461 735 Concipit,
486 652 581 730 atque
601 643 683 730 jacit
706 641 773 706 fixa
796 638 834 705 de
857 639 938 715 luce,
963 641 1142 721 sequuntur

304 781 395 855 Quae
418 774 675 843 circumveniunt
698 768 861 854 stupidum
884 765 1069 852 spectacula
1092 764 1221 849 vulgus

305 909 397 974 Mitte
420 911 457 970 ut
481 922 543 967 non
568 921 682 968 verurn
706 906 754 965 est
778 897 930 983 aequales
955 917 1047 981 posse
1071 899 1177 965 redire

307 1040 456 1124 Gyrante
480 1055 499 1100 a
522 1034 599 1110 sole,
617 1038 674 1099 aut
691 1040 799 1099 terrae
824 1051 844 1096 a
867 1031 1059 1107 versamine,
1083 1030 1210 1114 quando

309 1171 459 1240 Arcubus
483 1172 629 1255 aequatis
656 1172 814 1253 aequatae
837 1167 1006 1251 gnomonis
1031 1163 1162 1230 umbrae

306 1305 479 1387 Nunquam
503 1300 707 1386 respondent,
733 1301 809 1384 quia
831 1298 908 1364 solis
932 1299 1017 1364 linea
1040 1300 1128 1385 spira
1153 1302 1201 1364 est

306 1431 468 1496 Tellurem
492 1432 636 1516 cingens,
662 1434 834 1497 moveatur
857 1428 1044 1495 utrumlibet
1067 1427 1193 1494 borum.

305 1556 384 1622 Inde
408 1558 637 1644 geometricum
662 1562 773 1623 centro
798 1555 836 1621 de
860 1576 1019 1643 gnomone
1044 1556 1169 1641 cyclum

307 1683 509 1759 Describunt,
533 1684 717 1769 pariterque
740 1689 856 1769 putant
879 1683 1017 1748 coeleste
1040 1683 1143 1747 secari

309 1816 347 1880 In
370 1815 514 1900 geminas
536 1815 679 1899 spacium
703 1815 832 1899 parteis,
858 1813 947 1880 velut
971 1811 1109 1878 ambitus
1134 1812 1185 1877 ilie

307 1943 350 2009 nt
373 1942 497 2007 mediae
520 1947 671 2027 punctum
694 1948 808 2008 exacte
832 1943 971 2008 lucrasse
996 1941 1057 2007 diei

307 2075 419 2141 Secum
446 2073 658 2138 constituunt.
683 2072 837 2136 Mensura
860 2071 922 2136 hac
945 2071 1053 2134 omnia
1077 2069 1223 2153 deinceps

311 2207 511 2291 Agnoscunt,
538 2203 683 2289 proprios
709 2205 795 2268 intra
818 2205 909 2268 ortus
932 2207 1029 2286 atque
1052 2222 1209 2279 recessus;

311 2334 348 2398 Ia
373 2334 556 2418 parteisque
580 2338 692 2399 secant
716 2334 860 2419 geminas
883 2335 928 2397 sic
952 2335 1060 2399 omnia
1083 2331 1187 2401 secla.

311 2460 405 2524 blitte
429 2461 525 2524 etiam
550 2463 586 2524 ut
609 2461 708 2533 motu,
733 2478 795 2543 quo
819 2465 966 2525 centrum
991 2459 1126 2526 circinat
1149 2460 1247 2547 hujus

312 2587 400 2652 Illius
425 2592 582 2659 centrum,
608 2590 795 2653 remanente
820 2587 972 2655 utrolibet
995 2589 1124 2665 horum,

311 2717 439 2782 Scilicet
462 2719 519 2781 aut
542 2714 619 2779 solis
642 2714 696 2781 vel
720 2720 828 2781 terrae
851 2738 995 2803 corpore,
1020 2718 1114 2802 plane

311 2849 465 2914 Testatur
489 2853 637 2913 neutrum
662 2847 811 2914 alterutri
835 2854 980 2916 centrum
1004 2870 1072 2915 esse
1097 2850 1227 2925 meanti,

309 2982 353 3057 Si,
380 2981 471 3048 velut
494 2986 685 3068 agnoscunt,
711 2983 804 3048 varia
826 2988 876 3050 est
898 2982 1053 3049 dimensio
1076 2984 1152 3050 solis

311 3110 519 3196 Temporibus
546 3113 656 3189 variis,
682 3114 756 3197 quia
780 3136 839 3200 par
862 3113 1016 3181 distantia
1038 3135 1101 3180 non
1125 3119 1184 3182 est.

310 3238 401 3303 Unde
429 3239 504 3307 licet
528 3240 663 3324 quodam
688 3248 808 3309 terram
832 3263 1024 3327 cognoscere
1048 3244 1162 3329 signu,

310 3367 383 3432 Nou
415 3367 470 3432 ulli
497 3388 630 3452 prorsus
654 3376 797 3436 centrum
822 3354 914 3456 posse
937 3391 1006 3436 esse
1029 3372 1186 3457 planetae.

311 3499 356 3564 At
383 3497 457 3562 fixis
480 3498 583 3564 media
607 3508 667 3575 est,
692 3506 728 3567 ut
751 3501 858 3585 paullo
882 3499 1020 3567 diximus
1046 3508 1131 3576 ante,

312 3626 346 3691 Si
373 3631 438 3691 lixa
462 3628 594 3691 omnino
618 3635 770 3695 constant
792 3632 931 3696 statione
955 3631 1093 3696 vicissim

308 3755 453 3841 Singula,
480 3776 545 3841 qua
570 3759 696 3824 ratione
720 3779 817 3843 queas
841 3759 948 3825 media
970 3782 1041 3826 esse
1065 3767 1180 3847 putare

311 3879 475 3958 Omnibus,
508 3882 539 3946 in
565 3884 680 3968 quavis
705 3883 825 3949 suerint
849 3886 980 3970 regione
1003 3892 1142 3972 reposta.

310 4008 355 4071 At
379 4009 464 4072 circa
493 4016 637 4075 centrum
661 4012 772 4079 stellae
795 4016 822 4079 si
845 4015 940 4081 stella
964 4018 1089 4081 moveri

311 4131 445 4209 Ilebeat,
472 4136 520 4220 ql)
546 4135 792 4224 haudquaquam
819 4143 963 4227 reperire
985 4151 1150 4227 geometra
1174 4150 1290 4229 posset.

294 4398 327 4451 (ll
338 4400 423 4448 Questa
435 4401 531 4457 virgula,
542 4402 569 4446 ed
579 4402 592 4446 il
602 4410 669 4459 punto
679 4414 787 4460 aegrrerne
797 4418 907 4451 mancam
916 4408 952 4451 ael
962 4415 1028 4453 teuto.
