3442 5108
719 353 758 367 -
781 321 893 382 295-

281 507 431 593 Corporis
454 507 539 573 hano
562 506 675 572 faciem
708 507 896 581 extendens,
923 525 1046 590 quoque
1071 505 1236 570 contrahit
1259 504 1356 581 illam,

282 641 387 723 Atque
410 640 495 703 hanc
518 621 693 704 dissolvens
716 639 804 703 locus
829 638 913 703 ultra
945 637 1061 701 desinit
1085 658 1162 714 esse,

280 766 383 852 thue
407 766 589 853 superficies
621 769 750 853 proprio
774 789 847 834 cum
870 788 1005 852 corpore
1028 767 1140 833 defit.-

279 900 366 984 Ergo
390 897 477 962 haud
508 903 661 983 perpetuo
686 898 838 983 capientis
864 898 1008 981 corporis
1031 897 1133 982 ipsum

279 1030 468 1094 Extremum
497 1028 585 1092 locus
608 1033 656 1093 est
679 1047 772 1111 quern
795 1026 910 1093 stabile
935 1025 1038 1091 dicere
1061 1025 1172 1111 possis,

284 1157 346 1223 Sed
372 1158 513 1241 spacium
538 1161 598 1244 aut·
618 1159 717 1244 spacii
741 1159 958 1244 amplectentis
984 1156 1052 1222 sors
1076 1177 1200 1242 quoque
1224 1156 1329 1235 finem,

277 1285 377 1360 Quem
408 1285 486 1350 nihii
512 1287 596 1350 iilius
619 1292 748 1371 reputes
771 1287 821 1353 vel
846 1288 987 1373 corporis
1011 1287 1116 1372 hujus.

327 1415 403 1478 Vox
427 1414 523 1479 etiam
548 1412 606 1479 tibi
629 1433 744 1498 corpus
768 1415 830 1480 erit
853 1413 1006 1478 dimensio
1024 1413 1140 1497 triplex

283 1545 311 1609 Α
336 1549 447 1608 centro
471 1543 502 1605 in
526 1540 656 1626 longum
680 1542 858 1627 egrediens
884 1542 993 1617 latum,
1018 1547 1113 1624 atque
1137 1542 1343 1627 profundum,

276 1673 430 1747 Quamvis
462 1692 524 1736 non
550 1671 677 1755 longam
702 1672 800 1743 dicas
824 1672 869 1737 lat
857 1678 921 1737 tam
946 1678 1041 1754 atque
1066 1671 1254 1756 profundam

275 1801 409 1876 Quedt
411 1803 523 1867 otain
548 1807 617 1869 toto
640 1808 699 1878 est,
724 1803 810 1865 ornni
835 1805 870 1865 ut
894 1821 1017 1884 quoque
1041 1801 1192 1867 tinnitin
1217 1822 1304 1866 aure:

275 1932 356 2007 Lux,
385 1933 483 2008 calor,
508 1932 612 2017 algor,
637 1932 727 2009 odor,
751 1933 849 2011 color,
874 1938 907 1998 et
894 1932 1168 1998 ttransluciditat
1120 1933 1195 1998 tatis

275 2059 386 2125 Undae
411 2062 608 2125 conveniens
631 2063 763 2148 species,
788 2067 821 2127 et
845 2063 875 2125 in
901 2061 1029 2127 aethere
1053 2064 1215 2135 constans

276 2184 343 2252 Cur
366 2186 422 2252 tibi
446 2207 508 2251 non
535 2187 631 2251 simili
655 2187 859 2272 dimensaque
882 2190 951 2274 lege
975 2190 1155 2275 putantur?

274 2313 379 2377 Audio
405 2314 477 2397 quid
502 2314 643 2379 reseras:
670 2336 732 2379 nou
757 2321 832 2380 sunt
856 2314 935 2380 haec
961 2334 1096 2400 corpora
1120 2321 1228 2392 tanta;

270 2444 444 2528 Mensaque
475 2465 538 2510 non
561 2451 637 2511 suut
624 2445 750 2521 thaec,
776 2444 830 2508 sed
855 2464 965 2508 menso
988 2444 1021 2507 iu
1045 2463 1180 2529 corpore
1205 2449 1306 2516 tauto,

270 2572 341 2637 Non
370 2575 446 2649 lata
471 2579 507 2639 at
494 2575 595 2651 trata
621 2595 684 2638 non
710 2573 877 2658 longaat
852 2576 1004 2658 rtpassio
1028 2575 1125 2658 longi

271 2701 349 2766 Sum
376 2707 508 2768 content
511 2725 546 2766 us
570 2722 640 2788 eun,
667 2702 743 2766 mihi
766 2702 840 2766 dum
864 2721 986 2786 quoque
1004 2702 1177 2767 confiteare

265 2833 314 2897 Ne
341 2834 442 2917 possit
465 2834 616 2917 spacium,
642 2832 691 2919 (l)
716 2834 865 2918 quiddam
889 2854 1014 2917 quoque
1038 2837 1180 2919 corporis
1205 2857 1283 2899 csse.

268 2962 329 3027 Sed
353 2965 380 3027 si
412 2967 577 3045 virtutem,
603 2972 659 3031 tua
683 2985 777 3048 quarn
803 2966 903 3032 finitio
922 2966 995 3051 juro

267 3091 420 3158 Vindicat
450 3092 509 3178 (2),
535 3096 682 3178 aspicias,
707 3117 873 3180 superesse
898 3101 1026 3183 negotia
1051 3099 1151 3164 inulta

268 3220 434 3305 Conjides,
465 3223 553 3305 queis
576 3243 748 3306 persuasor
773 3243 834 3288 uon
861 3246 989 3309 prorsus
1014 3229 1138 3312 ineptus

265 3349 464 3433 Spectandus
493 3351 615 3414 venias.
641 3353 733 3415 Omni
759 3355 889 3438 regione
914 3359 1061 3439 penetrat

264 3482 336 3545 Lux
363 3483 516 3566 spacium,
541 3487 637 3566 atque
662 3504 771 3548 omues
795 3504 851 3570 per
873 3490 981 3569 partes
1006 3488 1223 3561 continuatur,

264 3610 304 3675 Et
333 3632 425 3696 mage
449 3615 600 3678 continue
623 3616 765 3699 spacium
791 3617 915 3702 replere
940 3619 1078 3696 videtur,

263 3735 367 3808 Quam
396 3737 530 3821 iignum,
556 3738 644 3824 lapis,
670 3748 701 3807 et
725 3741 855 3819 serrum,
880 3744 1048 3828 inquibus
1073 3753 1182 3815 exstat
1207 3750 1300 3817 inane

264 3869 457 3947 Irurnixtunr,
485 3878 543 3938 aut
567 3872 768 3959 interjectum
792 3877 875 3960 quod
901 3878 1028 3943 credere
1053 3883 1169 3946 malim.

262 3997 328 4063 Vix
358 3998 436 4082 suga
460 4006 492 4065 to
514 4002 626 4086 eripiet
649 4004 777 4086 quando
800 4006 984 4072 accedentia
1008 4008 1055 4094 (3)
1080 4009 1234 4092 quaedam

249 4207 279 4262 (l)
290 4209 374 4256 Questa
386 4209 471 4262 virgula
483 4222 563 4253 {trunca
573 4210 609 4252 ool
618 4219 684 4264 testo,
694 4212 720 4254 ed
733 4213 886 4268 dopportunu.

247 4303 278 4355 (2)
291 4302 305 4344 ΙΙ
316 4311 373 4345 resto
382 4303 422 4346 hu:
434 4306 546 4349 cendam.

248 4395 279 4448 (tt)
288 4394 339 4447 Qui,
348 4394 375 4438 ed
387 4408 493 4451 appresso
504 4397 517 4439 ii
528 4399 602 4443 Bruuo
611 4412 652 4444 usa
661 4403 796 4445 accedenda
806 4416 845 4460 per
855 4404 994 4449 accidentia.
