3442 5108
675 353 796 415 -249
821 384 854 398 -

248 540 325 608 Aue
348 542 546 628 comprendit
570 543 620 609 cui
646 542 689 606 nil
714 541 989 629 superadjiciatur.

247 671 354 737 Debile
385 680 552 758 praeterea
576 674 724 739 indicium
748 674 805 741 tibi
828 694 892 739 non
916 672 1003 739 dabit
1025 672 1119 759 ignis

248 804 347 878 Quem
367 806 422 872 tibi
448 807 478 870 in
502 808 622 891 exigua
645 812 848 872 contractum
871 808 1014 869 monstro
1026 801 1148 874 favilla,

247 933 423 1019 Lignorum
454 956 546 1019 quem
569 939 597 1001 si
622 936 722 1003 fotrix
745 935 925 1000 substantia
950 938 1070 1018 pascat,

247 1065 281 1130 In
311 1085 375 1129 non
400 1065 526 1129 finitum
550 1073 716 1131 excrescet
739 1084 926 1148 semperque
950 1058 1113 1126 manebit?
1137 1056 1186 1143 (l)

247 1194 333 1279 Ergo
360 1197 491 1261 virtutis
514 1198 540 1259 si
565 1202 702 1270 tantum,
725 1197 868 1280 corporis
891 1194 987 1280 hujus

247 1320 288 1386 Se
319 1323 460 1406 praefert
483 1325 613 1407 species
638 1326 766 1406 quinam
789 1323 951 1407 trepidare
976 1321 1108 1394 decebit,

248 1450 448 1531 Ancipitique
477 1453 603 1525 animo,
627 1451 743 1535 populo
770 1471 839 1513 sese
863 1448 988 1523 addere,
1014 1455 1049 1514 ut
1071 1452 1158 1514 erret

247 1580 330 1644 Tuto
358 1599 428 1642 cum
452 1580 570 1655 muitiS,
595 1600 689 1662 quam
712 1587 799 1646 stare
823 1600 842 1643 a
865 1577 1004 1662 partibu’
1019 1579 1108 1652 veri,

245 1708 287 1772 Et
316 1728 349 1771 se
371 1707 505 1774 tidenter
529 1708 673 1792 profiteri
697 1709 901 1774 nobilitatum

245 1831 417 1916 Splendore
445 1833 578 1917 insignis
602 1833 743 1916 sophiae,
768 1832 912 1915 divisque
936 1827 1173 1916 propinquum?

246 1965 309 2050 :ijo
337 1966 525 2049 principium
549 1966 683 2050 primum
709 1965 830 2030 virtute
853 1965 1040 2046 superstans

245 2095 413 2180 Principiis
438 2103 532 2181 atque
557 2100 593 2161 iis
617 2118 697 2180 quae
722 2099 838 2162 horum
863 2095 1092 2181 glorueraniine
1117 2092 1213 2168 tiunt;

246 2229 341 2305 V0t0‚
370 2249 474 2314 opere,
500 2229 632 2296 inferius
658 2231 713 2296 tibi
738 2249 800 2294 non
826 2229 980 2313 fingatur,
1005 2230 1037 2290 et
1061 2228 1144 2290 actu.

245 2360 297 2425 Sic
323 2382 401 2446 ergo
426 2361 553 2445 quando
577 2363 608 2425 in
632 2362 775 2446 spacium
800 2362 925 2424 virtute
949 2357 1058 2440 capaci

244 2488 380 2555 Materia
406 2495 455 2556 est
477 2512 602 2577 semper
626 2491 735 2576 cupide
758 2489 936 2564 substrata,
962 2485 1135 2568 valensque

244 2619 413 2686 Fonnator
436 2641 599 2705 praesens,
626 2622 674 2684 vis
699 2624 855 2704 prompta,
879 2621 911 2681 et
935 2616 1056 2679 semina
1080 2617 1219 2697 praest0,

244 2748 322 2820 Quis
347 2771 473 2813 cursum
498 2761 607 2815 tautae
631 2751 783 2816 bonitatis
806 2749 970 2836 prnepedit
991 2747 1104 2811 error?

242 2875 337 2941 Nunc
358 2882 497 2961 spacium
522 2885 646 2943 tantum
671 2886 729 2951 est„
754 2899 839 2943 nunc
862 2883 953 2942 tanta
978 2876 1119 2960 potentia
1143 2873 1238 2938 inune
1261 2879 1324 2948 est,

244 3006 291 3071 Ac
316 3010 445 3092 privata
470 3029 527 3072 suo
552 3008 707 3093 quaedam
732 3014 850 3074 natura
876 3012 996 3081 tenore,

242 3139 363 3222 Nempe
387 3141 484 3217 locus,
504 3163 652 3223 vacuum,
677 3145 802 3228 cupiens
826 3148 954 3224 natura,
980 3161 1146 3226 capaxque

243 3264 398 3330 Materiae
423 3268 574 3350 adsimile,
600 3278 656 3337 aut
679 3272 858 3337 substantia
882 3271 1025 3335 materiei
1048 3277 1098 3336 est

243 3393 412 3477 Fiendique
437 3394 584 3475 facultas,
609 3420 671 3462 non
697 3400 884 3464 temeranda
907 3399 1046 3474 Platoni,

243 3522 345 3606 Urget
368 3523 527 3606 conqueri,
548 3527 560 3612 j
589 3535 654 3591 stas
679 3527 824 3611 tollitque
848 3528 993 3611 querelas

245 3645 437 3713 diiectautis
464 3669 544 3734 opus
567 3653 745 3736 pulchrum,
769 3673 967 3739 uerumque,
993 3655 1191 3741 bonumque:

246 3782 449 3866 importunus
474 3805 564 3849 aumr
587 3786 730 3852 stiumlat
746 3787 794 3871 (2)
821 3790 884 3851 vim
909 3789 1106 3873 concipiendi

245 3913 335 3986 Quod
362 3935 461 3996 neque
485 3923 659 4001 cognoscat
675 3918 723 4002 (3)
742 3939 842 4001 neque
866 3919 1097 4002 complectatur
1120 3920 1254 3985 avitum.
1272 3922 1320 4006 (4)

228 4141 259 4195 sit
272 4143 297 4182 L'
307 4143 469 4194 inrumpatis-0
479 4157 558 4188 manca
569 4147 602 4189 nei
612 4154 677 4190 tusto.

226 4235 257 4287 (ἓ)
274 4234 291 4274 n
301 4239 359 4274 testo
370 4235 409 4274 tia:
426 4239 531 4278 ctrrrulut.

228 4327 259 4379 (3)
276 4325 291 4366 li
303 4332 360 4367 testo
370 4326 411 4368 ha:
429 4338 542 4380 coquoace.

226 4423 258 4478 (t)
272 4424 364 4467 Auitum
372 4426 442 4480 parmi
452 4428 553 4474 ricavnto
563 4431 592 4475 da
601 4445 664 4486 aceo,
680 4433 854 4490 nonnusquam
872 4432 942 4475 verbo
957 4432 1046 4476 maachi
1066 4433 1088 4476 di
1105 4434 1227 4492 participio.
1244 4434 1323 4479 Anche

1146 4512 1186 4572 32
