3442 5108
874 333 1051 399 -104-

392 525 582 629 quippiam
592 528 648 601 est
659 525 758 626 quod
770 548 899 600 eorum
910 524 991 601 loco
1007 523 1253 600 substitutum
1263 526 1308 601 ab
1320 525 1525 601 Aristotele

390 652 574 753 possimus
586 649 811 752 intelligeret
823 651 883 725 An
894 650 1210 753 quemadmodum
1224 650 1287 726 hio
1299 651 1524 727 Aristoteles

388 774 479 851 illud
506 774 612 851 nobis
640 774 782 865 innuit,
811 798 883 876 quo
912 774 1037 850 omnia
1064 775 1253 851 naturalia
1281 778 1368 850 sunt
1396 779 1522 851 mate-

388 900 531 976 rialiter
550 925 678 994 unum,
708 897 761 976 ita
788 900 839 975 ibi
859 904 1004 976 certum
1023 900 1174 1004 aliquid,
1205 905 1241 978 et
1269 904 1373 977 certa
1392 899 1520 1002 aliqua

390 1024 573 1117 definivit,
594 1050 688 1128 quae
710 1025 748 1100 in
767 1028 902 1102 natura
920 1026 1129 1126 specierum
1156 1027 1296 1103 faciant
1323 1025 1520 1101 diversita-

388 1157 477 1245 tem,
495 1157 622 1255 utpote
641 1153 739 1229 unde
758 1152 948 1229 naturalia
975 1153 1067 1229 adeo
1096 1178 1294 1231 numerose
1314 1153 1524 1229 seeundum

387 1277 547 1354 formam
575 1278 907 1355 diversifioentur‘l

671 1543 801 1612 cinon
826 1544 1060 1612 SECUNDUM
1085 1543 1254 1610 LIBRUM

887 1822 973 1875 ΛΚΤ.
996 1822 1035 1874 Χ.

442 2052 609 2129 Naturae
637 2050 788 2126 nomine
815 2050 965 2152 dignius
986 2075 1066 2126 esse
1085 2048 1245 2124 formam
1265 2074 1377 2150 quam
1407 2054 1526 2126 mate-

391 2177 506 2270 riam,
535 2200 721 2278 nusquam
748 2177 905 2278 probare
932 2175 1053 2277 potnit
1073 2174 1306 2249 Aristoteles.
1335 2174 1526 2252 Privatio·

390 2328 477 2379 nem
506 2328 652 2406 quoque
679 2307 837 2379 naturae
865 2301 1016 2378 nomine
1044 2300 1236 2400 insignire,
1257 2300 1381 2377 nescio
1410 2326 1526 2402 quam

392 2431 475 2504 tute
503 2428 677 2529 potuerit.

897 2576 1020 2629 narro.

445 2805 639 2907 Nusquam
668 2802 830 2878 ostendit
859 2803 1096 2894 Aristotelen,
1134 2801 1197 2877 uhi
1230 2800 1279 2876 sit
1315 2799 1523 2877 formarum

392 2931 618 3008 naturalium
648 2929 877 3022 constantia,
907 2955 993 3007 oum
1021 2930 1155 3032 quippe
1175 2954 1304 3004 omnes
1324 2928 1525 3030 particula·

392 3085 453 3134 res
472 3057 777 3155 corrumpantur,
805 3080 923 3155 neque
948 3054 1195 3132 communiter
1216 3078 1336 3153 neque
1355 3053 1522 3152 praecise

392 3182 577 3258 rationem
596 3181 676 3279 ojus
693 3180 882 3281 principii,
903 3182 1001 3282 quod
1030 3205 1177 3280 semper
1196 3182 1347 3253 maneat
1362 3183 1521 3279 oportet,

392 3301 530 3378 trabere
540 3297 769 3403 possunt(l).
781 3300 885 3401 Ipsae
902 3301 931 3375 si
948 3327 968 3377 e
978 3301 1144 3401 potentio
1158 3298 1338 3375 materiae
1358 3299 1522 3375 eduoun·

392 3429 471 3516 tur,
500 3430 537 3499 et
565 3447 639 3498 non
667 3420 900 3498 extrinsecus
930 3423 976 3498 ab
1005 3420 1186 3499 efficiente
1213 3420 1464 3514 inducuntur,
1486 3422 1524 3496 in

393 3547 553 3625 materia
571 3546 709 3623 veriori
729 3547 836 3622 modo
856 3551 964 3640 sunt,
993 3552 1031 3624 et
1059 3574 1082 3623 a
1109 3544 1267 3621 materia
1285 3551 1391 3620 aotus
1411 3546 1524 3620 ratio-

395 3699 480 3751 nem
498 3675 649 3752 habent.
670 3672 768 3750 Hine
788 3675 884 3776 quod
905 3678 963 3750 est
982 3674 1103 3750 forma
1121 3671 1336 3763 Aristoteli,
1361 3672 1442 3748 aliis
1469 3683 1526 3750 est

393 3827 469 3879 non
489 3827 575 3893 ens,
601 3799 663 3901 qui
684 3799 902 3877 universum
922 3804 1047 3878 aetum
1068 3804 1105 3876 et
1124 3799 1323 3875 veritatem
1342 3798 1387 3872 ad
1408 3804 1527 3875 mate·

395 3927 490 4003 riam
510 3926 688 4020 referunt,
710 3927 1007 4029 quandoquidem
1023 3926 1115 4002 haeo
1131 3924 1336 4000 formarum
1355 3923 1521 3999 omnium

393 4075 528 4154 parens
548 4059 605 4128 est
620 4054 658 4127 et
676 4053 861 4153 genitrix:
881 4056 1030 4129 nonest
1049 4057 1179 4127 contra
1198 4049 1404 4126 formarum
1421 4049 1497 4124 ulla
1515 4106 1525 4140 ,

437 4307 479 4382 (1)
501 4308 526 4368 Il
547 4308 671 4370 Gfrorer
691 4326 842 4385 corregge:
861 4309 991 4386 possint,
1011 4324 1097 4367 senza
1117 4306 1251 4384 ragione.
