3442 5108
747 305 928 366 -144-

293 500 376 590 tuS,
404 521 478 574 non
506 499 702 599 propterea
733 499 893 599 ponetur
925 495 964 571 in
996 494 1103 589 coelo,
1132 497 1239 598 cujus
1273 500 1424 573 nonest

294 621 499 723 subjective
525 626 649 699 motus
676 620 748 714 ille,
777 646 850 723 quc
878 620 1003 697 omnia
1028 624 1200 722 tempora
1226 624 1265 698 et
1296 624 1424 698 motus

296 745 417 823 metiri
445 747 632 838 dicuntur,
661 747 725 823 sed
753 751 853 823 certe
880 745 920 822 in
946 751 1059 838 astr03
1076 745 1107 822 si
1126 745 1262 849 quippe
1296 748 1423 822 motus

294 871 620 974 ille,qu001nnia
649 871 884 949 velocissimo
913 874 1022 972 raptu
1051 870 1305 948 circaterram
1338 895 1426 947 exa-

296 997 408 1097 gitari
436 997 622 1089 videntur,
638 996 676 1072 in
695 1001 798 1074 terra
825 996 1028 1097 subjective
1056 1020 1096 1072 re
1115 1021 1206 1073 vera
1222 996 1426 1097 comperia-

295 1127 370 1216 tur,
398 1125 455 1199 tot
483 1146 573 1199 sane
600 1126 710 1199 eruut
736 1121 776 1198 in
804 1121 978 1198 universo
1007 1126 1186 1224 tempora,
1214 1123 1305 1223 quet
1336 1128 1425 1198 sunt

297 1250 335 1322 et
349 1249 461 1322 astra.
477 1245 605 1346 Neque
620 1244 717 1321 enirn
732 1247 854 1345 potest
881 1269 962 1320 esso
980 1243 1056 1319 tale
1077 1266 1192 1320 unum
1210 1243 1250 1318 in
1264 1241 1419 1319 univer·

297 1392 349 1457 s0‚
380 1370 422 1444 ut
449 1367 617 1443 ornniuru
631 1372 802 1444 motuum
820 1389 997 1442 mensura
1015 1365 1172 1441 existat:
1199 1364 1427 1466 quandoqui-

297 1495 381 1571 dem
400 1494 430 1570 si
450 1518 516 1571 nos
537 1517 704 1569 essemus
723 1493 761 1569 iu
776 1490 1217 1594 alicastro,apertissime
1236 1494 1426 1567 constaret

298 1619 560 1696 brevissimum
587 1624 730 1694 motum
758 1617 924 1695 omniurn
952 1642 1033 1693 esse
1060 1617 1175 1693 alium
1213 1617 1259 1692 ab
1278 1615 1364 1711 iste,
1380 1615 1428 1692 si-

299 1753 362 1822 cut
389 1746 429 1821 in
457 1744 546 1821 luna
573 1749 719 1821 constat
747 1744 862 1822 alium
880 1769 962 1820 esse
981 1748 1127 1820 motum
1152 1743 1342 1838 diurnum,
1364 1743 1428 1819 ubi

300 1870 383 1943 ceto
426 1871 464 1942 et
491 1866 624 1968 viginti
662 1866 806 1943 dierum
838 1866 958 1968 spatio
986 1866 1021 1941 in
1052 1887 1128 1942 sua
1150 1865 1344 1968 superficie
1371 1891 1427 1942 re·

300 1993 400 2096 cipit,
429 1992 527 2092 qucd
555 1992 627 2068 hcc
642 1996 800 2080 astrum,
819 1992 940 2085 tellus
969 1992 1088 2094 spatio
1108 1992 1241 2095 viginti
1261 1996 1425 2094 quatuor

300 2116 491 2193 horarum.
520 2116 682 2192 Proinde
711 2142 797 2193 curn
825 2122 969 2219 ternpus
999 2121 1040 2192 ut
1068 2117 1156 2220 quid
1183 2117 1301 2194 fluens
1339 2115 1430 2194 ima·

301 2241 469 2344 ginetur,
510 2246 656 2342 oportet
705 2243 831 2345 ipsunt
867 2243 1040 2320 continue
1081 2243 1429 2346 regulatissimeque

299 2369 418 2443 fluens
445 2367 666 2469 intelligere:
695 2373 734 2443 at
762 2369 915 2470 quinam
949 2373 1074 2445 ructus
1103 2370 1174 2445 iste
1203 2368 1358 2445 diurnus
1387 2369 1428 2445 il-

300 2490 371 2567 lius
400 2494 521 2591 potest
549 2516 628 2568 esse
656 2517 840 2585 mensura,
870 2495 1017 2595 (plaudo
1049 2498 1173 2570 motus
1195 2519 1310 2596 super
1327 2492 1428 2569 linea

299 2617 557 2719 aequinoctiali
584 2643 658 2694 non
686 2619 734 2694 sit
762 2619 917 2695 diurnus
945 2645 1065 2722 neque
1093 2620 1282 2723 aequalis?
1304 2621 1336 2696 si
1350 2644 1426 2696 non

301 2741 503 2843 aequaliter
530 2767 595 2844 per
622 2744 812 2847 regulatos
840 2745 932 2821 duos
960 2745 1052 2822 alios
1079 2750 1203 2823 motus
1228 2745 1426 2838 exorbitet,

301 2894 459 2971 quorum
486 2867 581 2945 alter
609 2869 743 2946 dicitur
770 2875 938 2958 octavae,
967 2872 1062 2949 alter
1088 2896 1210 2949 nonae
1245 2873 1428 2976 sphaerae

302 2995 437 3072 dicitur
463 2995 647 3097 proprius
663 2997 760 3072 unde
789 2996 965 3073 circuitus
994 2997 1055 3073 ille
1082 3002 1164 3077 turn
1184 2999 1427 3100 regulariter,

302 3128 382 3231 turn
411 3125 450 3207 et
477 3120 680 3223 irregulate
707 3121 963 3223 producaturl
993 3124 1044 3199 At
1069 3123 1107 3200 in
1135 3123 1317 3200 motuillo
1337 3149 1428 3225 quas

301 3251 393 3325 duas
420 3252 545 3350 partes
572 3247 745 3350 aequales
773 3248 956 3349 accipies?
988 3249 1047 3325 ubi
1063 3249 1154 3326 duos
1177 3249 1338 3349 fingeres
1352 3273 1430 3326 mo·

302 3378 363 3450 tus
377 3372 434 3476 (l)
448 3372 827 3475 proportionaleslrln
848 3373 878 3448 si
897 3373 1092 3474 provideas
1112 3361 1309 3450 dividendo
1331 3374 1429 3451 hauc
1537 3447 1542 3457 .

302 3520 515 3576 mensuram
543 3523 667 3591 unam,
696 3502 838 3573 ructum
868 3522 1003 3587 unum,
1037 3504 1075 3575 et
1103 3498 1362 3599 distinguendo
1390 3500 1429 3576 iu

304 3624 446 3700 duobus
474 3621 642 3715 circuliS,
671 3622 875 3698 meridiano
903 3622 1075 3699 videlieet
1094 3631 1131 3700 et
1154 3624 1429 3726 aequinoctiali,

305 3748 442 3849 aliquid
468 3746 733 3849 pronrovebiS,
762 3751 803 3823 ut
839 3748 990 3823 tandein
1027 3754 1129 3825 certa
1165 3749 1226 3826 lex
1262 3750 1427 3852 partium

305 3875 414 3952 unius
443 3873 502 3950 vel
530 3874 683 3968 alterius
713 3873 841 3949 circuli
870 3872 1083 3950 lrabeaturl

357 3998 478 4075 Porro
506 4024 642 4075 revera
674 4022 802 4077 omnes
830 3997 985 4091 circuli,
1015 4002 1076 4101 qui
1104 4001 1279 4078 videntur
1305 4006 1342 4078 et
1370 4029 1431 4079 ve-

347 4288 394 4368 (1)
410 4290 435 4350 ll
449 4293 526 4352 testo
540 4290 595 4350 ha:
609 4297 723 4349 molter.
