3442 5108
751 364 932 423 -361-

717 631 860 698 CAPUT
885 631 942 696 VI.

295 889 447 944 lrregniariter
456 901 561 931 recursus
572 900 612 931 seu
625 887 775 930 revolutiones
790 888 845 943 iteri,
860 889 943 932 nultum
958 895 1118 945 consequenter
1132 886 1238 930 circulum
1253 885 1313 929 circa
1327 896 1371 928 rne-

324 985 444 1027 riomense
456 997 527 1040 posse.
538 985 594 1026 Nam
605 984 624 1025 si
634 996 692 1025 unus
703 984 722 1024 in
732 983 809 1026 tellure
821 990 893 1027 motos
908 991 942 1025 est
957 983 1096 1039 irregularis,
1112 988 1199 1039 oporiet
1211 987 1283 1026 motus
1296 992 1371 1023 omues

325 1087 382 1130 aiios
392 1085 554 1142 quantumlibet
564 1085 680 1140 regulares
690 1084 809 1140 pertubari.

359 1317 408 1381 Ne
433 1334 556 1399 quoque
580 1311 726 1377 tellurem
751 1309 896 1386 medium,
915 1315 1123 1391 centrumque
1146 1304 1228 1390 qnod
1254 1302 1355 1369 ambit

317 1445 430 1510 Omnis
454 1462 535 1527 quae
559 1460 685 1505 sursum
709 1445 825 1505 natura
850 1443 908 1514 est,
926 1436 997 1501 inde
1020 1442 1176 1520 putemus,

317 1575 443 1660 Regula
467 1575 633 1658 praeteriit
656 1577 761 1637 motus
785 1576 936 1655 reputata
959 1569 1078 1643 diurni,

316 1707 357 1771 Et
381 1705 504 1769 famosa
528 1706 620 1790 viget
643 1705 757 1788 tropici
782 1703 997 1767 inconstantia
1021 1701 1087 1767 bini

315 1837 386 1911 Qui,
412 1834 531 1898 nullam
557 1833 596 1898 ad
621 1854 776 1903 numnam.
802 1833 894 1898 morto
918 1834 988 1918 plus
1012 1833 1156 1900 concedit
1180 1834 1212 1897 in
1237 1836 1377 1916 austrea,

318 1965 412 2029 Nunc
436 1963 538 2046 magis
562 1961 706 2044 obliquat
722 1982 834 2026 cursus
859 1962 1019 2045 aquilonis
1045 1964 1075 2027 in
1093 1982 1199 2039 oras‚·

316 2090 382 2156 Nec
407 2089 509 2173 legem
534 2092 648 2152 servat
671 2086 721 2150 vel
746 2086 896 2170 simplicis
921 2108 984 2152 una
1008 2088 1068 2153 diei

316 2215 464 2298 VertigO,
494 2211 694 2294 usqueadeo
719 2212 852 2277 muitum
875 2212 933 2276 sibi
958 2212 1034 2279 defit
1059 2219 1093 2278 ut
1117 2235 1220 2280 atinus

316 2339 500 2406 itlemiacem
528 2342 632 2404 minus
648 2338 766 2405 efficiat
790 2339 923 2404 comtum
948 2344 1131 2427 arripientis

317 2470 382 2534 Ore
406 2470 522 2553 anguis
546 2468 735 2551 noviterque
759 2478 848 2532 artus
873 2488 985 2533 exesse
1011 2477 1152 2538 voratos.

313 2600 380 2664 Nec
404 2599 509 2661 minus
532 2604 582 2661 est
607 2595 706 2660 ultum
731 2595 768 2659 de
792 2596 1062 2663 circumdantibus
1087 2607 1212 2667 astrum

316 2730 407 2805 Quod
432 2736 556 2814 repetat
580 2729 676 2792 semei
702 2735 784 2803 arta,
811 2750 885 2792 suos
910 2732 1085 2817 iterumque
1110 2741 1254 2801 resumat

316 2864 464 2947 Digestos
488 2880 605 2924 annos:
633 2880 695 2923 non
720 2860 823 2924 solum
848 2866 883 2925 ut
906 2863 1053 2945 proxium
1076 2884 1220 2947 quaeque

316 2992 512 3074 Principium
536 2989 672 3072 arripiat
697 2988 864 3062 revolutio,
891 2990 942 3052 rel
966 2991 1075 3065 semet,
1101 2992 1193 3071 idem,

317 3121 383 3185 Aut
406 3120 538 3183 semitae
562 3116 701 3202 ejusdem
728 3123 842 3200 tangat
865 3117 1000 3201 uestigia
1025 3137 1165 3197 rursum,

319 3251 520 3316 Praeteritae
543 3249 638 3314 simili
662 3257 810 3333 repetens
834 3250 917 3313 serie
940 3257 1013 3316 acta
1037 3251 1097 3316 diei

321 3378 361 3442 m
387 3379 508 3444 virtute
532 3379 602 3462 pari
618 3378 665 3462 (l)
688 3377 888 3454 subsumenS,
913 3401 1048 3466 uanique
1073 3383 1217 3468 prosectu
1302 3376 1309 3391 ‘

320 3512 499 3613 innumeris
523 3532 619 3596 opere
641 3517 691 3577 est
714 3512 864 3598 subjectis
889 3517 1049 3583 stantibus
1073 3521 1196 3587 iisdem.

322 3638 421 3724 Ergo,
446 3661 501 3702 seu
527 3640 615 3704 coeto
640 3644 741 3706 totum
767 3643 913 3727 rapiatur
937 3645 976 3710 ab
1001 3667 1076 3728 uno,

322 3767 382 3830 Vel
408 3789 465 3852 pro
490 3768 614 3833 telluris
638 3771 699 3833 siet
723 3768 802 3834 haec
828 3771 968 3836 variatio
991 3782 1090 3850 motu,

322 3894 395 3978 (Cui
420 3917 512 3980 mage
536 3896 575 3961 ml
599 3898 783 3963 innumeros
807 3903 941 3967 mutatio
965 3906 1117 3973 conveoit
1140 3909 1207 3985 uni,

320 4027 499 4093 innumeris
524 4029 562 4093 ai]
589 4050 659 4125 eam
683 4034 844 4114 quamsit
868 4036 1007 4102 variatio
1033 4040 1171 4128 mumlis)

322 4151 423 4220 Linea
447 4175 510 4221 non
536 4178 673 4244 unquam
699 4162 818 4246 poterit
841 4171 1055 4255 punctumque
1080 4176 1214 4251 resumi,

305 4389 313 4443 (
317 4389 337 4448 1)
350 4389 365 4433 11
377 4397 436 4436 testo
446 4390 481 4434 ha·
489 4402 554 4447 porr.
