3442 5108
687 347 828 411 ..5-

188 539 412 634 ritas,simul
432 544 470 617 et
488 540 649 617 amanda
667 539 925 642 pulchritudo?
946 541 1008 642 qui
1028 540 1142 616 oculit
1158 565 1179 617 ο
1195 544 1312 639 aeter-

185 669 296 760 nitas,
319 691 414 773 quae
429 666 559 742 faciest
580 666 641 767 qui
661 666 835 767 splendor
854 669 1030 768 corporis
1048 667 1183 768 hujus?
1213 666 1310 750 Quid

185 800 244 873 est
263 795 426 870 natural
455 795 540 870 Jam
560 794 658 870 absit
677 820 700 869 a
718 818 778 869 me
798 799 838 869 ut
863 793 998 895 aliquid
1030 793 1190 896 amplius
1218 794 1310 869 mihi

184 925 387 1025 probetur,
407 928 444 997 et
462 921 643 996 adversus
663 925 809 995 tautam
828 920 947 995 lucem
968 919 1058 996 mihi
1083 920 1309 997 sententiam

186 1048 283 1123 forre
313 1046 517 1147 contingat.
539 1045 659 1120 Porro
689 1043 794 1148 (dicit
822 1043 1047 1148 Mercurius)
1075 1046 1310 1121 considerata

186 1173 309 1249 adhuc
329 1172 450 1248 tertia.
472 1171 553 1254 Qua
574 1194 701 1245 coram
720 1171 903 1256 adstante,
914 1170 937 1245 J
940 1171 1085 1273 uppiter
1104 1169 1188 1274 (ait)
1208 1195 1311 1246 mou·

185 1297 333 1390 strifice,
345 1297 441 1398 quod
457 1295 728 1397 spectaculum?
740 1321 835 1396 quae
850 1296 1041 1372 excessiva
1058 1296 1309 1398 pulchritudo

186 1447 283 1524 quae
303 1447 362 1497 me
377 1421 559 1522 obligans,
579 1420 758 1513 vinciens,
778 1420 1040 1520 adstringam,
1060 1423 1308 1523 comprimens

185 1554 224 1623 et
243 1550 441 1624 absumens
461 1547 657 1648 voluptas?
692 1552 817 1621 tuetur
841 1572 957 1622 suave
977 1547 1163 1647 quiddam,
1179 1551 1311 1649 jocun-

185 1675 274 1749 dum
294 1677 331 1749 et
348 1673 537 1765 blandum,
549 1673 662 1747 otiam
682 1672 818 1747 arrisit.
831 1671 891 1747 Nil
906 1697 996 1771 ergo
1011 1673 1122 1766 aliud,
1133 1673 1309 1765 Mercuri,

185 1801 371 1899 agendum
391 1800 537 1875 restatl
558 1799 698 1875 Omnes
719 1797 789 1901 (ait
807 1798 883 1900 ille)
912 1800 1038 1876 vidisti
1065 1805 1101 1876 et
1120 1801 1310 1877 examina-

187 1925 389 2002 suppose-
408 1950 497 2026 ergo
512 1925 707 2025 judicium.
719 1928 770 2000 At
785 1925 906 2000 Paris:
919 1924 1125 2001 Pulchrum
1140 1952 1229 2027 ergo
1250 1928 1311 2002 do·

186 2079 289 2145 uum,
302 2053 497 2153 pulchrum
513 2077 676 2152 pomum,
690 2051 891 2153 pulchriori
912 2052 1182 2128 detur.Videtis
1194 2051 1311 2154 (audi-

187 2178 303 2280 tores)
326 2179 637 2280 quenadmodum
656 2203 772 2279 noque
793 2202 921 2253 omnes
954 2178 1063 2253 simul
1083 2184 1195 2280 atque
1215 2177 1313 2281 sigil-

186 2305 292 2380 latim
311 2303 367 2406 (l)
378 2303 496 2405 judex
524 2303 595 2378 iste
623 2304 810 2404 probarit:
832 2328 917 2378 cum
937 2303 1007 2379 hoc
1023 2309 1149 2380 tamon
1164 2304 1298 2381 accidit

186 2431 284 2531 quod
311 2430 344 2505 ei
365 2429 564 2531 contigerit
583 2454 665 2505 esse
684 2455 797 2504 causa
825 2429 1001 2529 priorem,
1031 2455 1126 2531 quae
1146 2430 1217 2506 fuit
1239 2433 1306 2531 ju-

186 2557 271 2632 dicii
291 2557 420 2633 ordine
436 2556 639 2657 posterior:
656 2556 741 2656 quia
761 2555 995 2655 singularum
1016 2582 1193 2656 praesens
1210 2581 1313 2656 aspe-

187 2690 270 2758 ctus
288 2682 505 2758 memoriam
538 2681 825 2783 pulchritudinis
847 2686 1081 2758 caeterarum
1100 2683 1311 2759 absentium

187 2808 420 2885 obliteralrat.

240 2933 336 3009 lllud
357 2934 498 3009 isthaec
515 2934 639 3009 subula
659 2939 766 3009 notat
784 2933 850 3037 (A)
869 2933 925 3035 (2)
955 2935 1052 3036 quod
1073 2936 1162 3010 mihi
1183 2940 1220 3010 et
1240 2936 1313 3036 ple-

187 3060 310 3161 risque
327 3059 540 3135 mortalium
561 3060 705 3151 accidit,
718 3060 778 3135 uhi
795 3060 839 3135 dc
858 3060 993 3151 studio,
1005 3060 1137 3149 Genio,
1149 3061 1311 3153 lortuua,

187 3212 252 3261 sou
273 3188 349 3262 lato
371 3186 561 3262 subeundo
582 3187 749 3288 quaestio
770 3191 837 3262 ost.
857 3187 995 3262 lunoni
1016 3212 1167 3288 pomum
1196 3188 1312 3262 tribu·

188 3318 257 3387 unt
272 3313 332 3414 qui
350 3312 387 3386 iu
406 3313 603 3413 potentias,
623 3313 784 3404 divitias,
801 3311 1046 3414 principatus,
1064 3339 1180 3412 regna
1194 3317 1232 3388 ot
1247 3314 1312 3388 im-

187 3439 290 3538 paria
309 3438 465 3513 inhiant.
482 3437 673 3513 Minervae
690 3438 752 3539 qui
773 3438 982 3528 consilium,
1000 3439 1247 3538 prudentiam,
1259 3465 1316 3514 sa·

188 3565 363 3666 pientiam
384 3568 421 3639 ot
442 3563 669 3639 intellectum
682 3566 792 3639 rohus
808 3564 980 3640 omnihus
996 3565 1316 3665 anteponuntVe-

187 3694 268 3769 neri
289 3694 351 3794 qui
368 3693 550 3768 amicitias
568 3750 576 3782 ‚
597 3694 838 3778 sodalitates,
860 3693 959 3768 vitae
979 3693 1310 3794 tranquillitatem,

190 3820 520 3920 pulchritrulinem,
532 3821 787 3923 jocunditates
816 3827 853 3893 ct
883 3820 1091 3921 vuluptates
1107 3820 1319 3922 amplexan-

190 3953 263 4021 tur.
285 3947 326 4022 ln
348 3947 418 4022 hac
438 3949 576 4024 etenim
596 3947 723 4023 mundi
753 3970 865 4021 scena
889 3947 1001 4021 etiam
1022 3946 1051 4020 si
1072 3947 1164 4021 hacc
1193 3945 1317 4021 omnia

228 4244 272 4318 (1)
287 4243 310 4302 ll
326 4248 401 4303 tosto
417 4246 471 4303 hu:
486 4247 667 4321 capillutum.

228 4343 275 4423 (2)
296 4344 491 4404 ,luditorcsl
