3442 5108
685 364 721 379 -
741 331 847 393 287-

255 519 346 592 Quod
370 521 466 586 nullis
490 543 633 607 pressum
656 525 697 587 sit
720 521 844 587 finibus.
871 523 958 607 Ergo
982 523 1075 586 simul
1099 523 1163 588 sint

254 647 384 713 iuiinita
408 649 471 714 duo
495 649 553 714 sibi
577 650 721 735 partibus
745 651 840 716 obvia
864 651 990 735 passim,

252 782 398 867 Undique
424 785 514 852 finita
536 786 628 850 simul
652 785 731 850 haec
755 786 874 850 virtute
899 781 1038 862 coibunt,

252 910 294 974 Et
317 910 355 975 de
378 911 504 977 infinito
527 912 688 980 infinitum
712 932 775 976 non
802 913 951 996 patietur,

251 1039 329 1104 Dico
353 1041 477 1108 infinito
502 1043 534 1105 iu
558 1045 665 1126 spacio
689 1042 791 1128 frigus
815 1044 1014 1128 calidumque

250 1170 314 1234 Per
339 1172 480 1255 spacium
504 1177 605 1251 tensa,
629 1175 663 1235 et
687 1171 786 1235 iucem
810 1177 935 1235 tensam
960 1178 1054 1254 atque
1077 1171 1238 1252 tenebras

250 1299 339 1373 Quae
363 1305 482 1364 natura
504 1320 562 1364 suo
586 1299 736 1365 distinxit
759 1299 791 1362 in
815 1298 925 1363 ordine
941 1299 1058 1383 passim

248 1432 362 1496 Altera
387 1431 426 1496 ab
450 1432 625 1508 alterutris,
650 1435 685 1496 ut
709 1436 786 1497 sunt
808 1433 1009 1496 contermina
1032 1430 1169 1515 ubique;

248 1561 355 1634 Quare
380 1568 531 1626 naturam
555 1560 595 1625 ad
620 1581 727 1624 rerum
751 1560 778 1622 si
803 1560 1023 1643 respiciamus,

247 1691 299 1757 Sic
323 1691 391 1756 dico
416 1711 582 1774 nusquam,
606 1695 642 1756 ut
665 1688 748 1772 quod
774 1709 900 1772 possum
925 1687 1028 1754 dicere
1053 1689 1190 1775 ubique,

247 1822 405 1907 Quidquid
429 1820 659 1906 comprendens
683 1817 766 1903 quod
791 1839 853 1882 non
872 1819 1110 1903 comprenditur
1132 1841 1277 1905 usquam,

244 1953 311 2018 Nec
336 1952 457 2017 faciens
482 1952 647 2036 patiensue
672 1949 789 2033 aliquid
814 1969 984 2033 possesque
1001 1957 1123 2034 putare.

289 2089 376 2172 Ergo
401 2087 627 2151 elementorum
653 2085 770 2157 virtus,
795 2081 948 2167 finitaque
972 2085 1070 2149 moles

243 2214 457 2288 Quantumvis
481 2212 624 2299 subjecta
648 2212 754 2287 datur,
781 2233 838 2276 ceu
864 2211 1004 2278 duxerat
1029 2213 1079 2278 ille

243 2344 304 2418 Qui
329 2342 462 2406 nihilum
486 2341 590 2406 coelos
614 2341 698 2405 aliud
725 2344 881 2426 cognorat
904 2340 945 2405 ab
971 2343 1056 2426 igne,

242 2469 300 2535 Vel
325 2469 458 2533 nihilum
484 2468 592 2533 coelos
615 2473 816 2552 cognoverat
839 2489 914 2533 aera
938 2475 1084 2553 praeter,

243 2600 340 2686 Cujus
365 2601 396 2664 in
422 2601 607 2663 immensum
633 2598 793 2682 pandatur
818 2599 942 2664 durbria
966 2622 1120 2687 campum,

244 2726 317 2791 Nou
340 2731 447 2791 tamen
472 2727 585 2790 iccirco
609 2725 780 2810 Stagyrita
804 2728 923 2810 sapisse
947 2735 1087 2811 putetur,

239 2851 265 2915 Ε
290 2849 392 2915 medio
416 2850 538 2933 reliqua
560 2849 639 2913 haec
664 2849 776 2914 tollens
800 2849 958 2915 elementa
984 2859 1131 2937 repente:

240 2982 331 3055 Quod
357 3001 425 3062 nec,
450 2982 482 3044 in
506 2981 650 3044 immensi
673 3000 845 3064 progressu
871 2982 1021 3065 temporis
1045 2982 1121 3063 ulio,

239 3108 375 3191 Colliget
398 3105 573 3172 adtendens
596 3104 679 3188 quod
703 3105 808 3189 paullo
833 3104 970 3170 diximus
995 3112 1078 3173 ante.

238 3237 320 3302 Nam
344 3257 398 3300 seu
423 3234 513 3301 finita
536 3243 584 3300 est
608 3237 728 3300 clrcuur
754 3236 907 3301 dimensio
933 3237 1022 3318 coeii,

235 3364 298 3430 Seu
322 3383 473 3449 maguum
496 3384 620 3448 semper
645 3384 758 3449 corpus
781 3367 849 3429 siue
874 3363 936 3430 iiue
960 3369 1108 3452 supersit,

236 3498 309 3564 Non
334 3499 392 3561 nisi
417 3499 523 3562 vicina
546 3497 665 3580 poterit
689 3495 727 3560 de
752 3502 844 3580 parte
869 3513 1022 3570 movere;

234 3625 376 3710 Corpore
400 3627 432 3689 iu
456 3629 589 3690 extento
613 3626 687 3706 quia
711 3623 761 3688 vis
784 3629 917 3689 extenta
941 3627 988 3712 (l)
1013 3627 1155 3711 putanda
1177 3634 1235 3692 est.

234 3759 358 3824 intense
383 3776 546 3840 uunquam
568 3757 702 3822 calidum
726 3778 879 3824 caussare
904 3762 1050 3847 vigorem

233 3886 361 3951 Certum
386 3885 471 3949 ultra
495 3890 609 3950 metam
634 3887 762 3968 poterit,
787 3907 845 3951 ceu
870 3908 1004 3972 namque
1029 3892 1205 3976 propinqua

232 4018 304 4083 Nou
329 4026 397 4086 tota
421 4026 468 4086 est
493 4021 599 4097 moles
624 4042 724 4106 neque
750 4024 852 4091 virtus
869 4047 937 4090 esse
955 4030 1131 4114 propinqua

231 4147 313 4212 Tota
336 4156 448 4233 potest.
475 4150 560 4234 Ergo
586 4171 648 4216 uon
673 4155 758 4219 actio
783 4160 876 4221 tauta
899 4166 1050 4242 sequetur

215 4397 247 4454 (1)
259 4398 275 4442 il
285 4403 342 4443 tosto
352 4398 388 4442 ha:
399 4407 515 4445 turencio.
