3442 5108
684 336 863 397 -351-

246 492 430 566 Extiterim
456 493 489 553 et
511 506 624 552 sensus
647 504 711 549 non
733 486 794 549 sim
819 482 965 569 delapsus
989 481 1028 546 ad
1052 479 1190 555 umbras,

244 621 302 685 Illo
326 618 365 684 de
392 636 487 683 sensu
512 617 652 699 quinon
677 614 888 679 circumvenit
912 630 1060 696 unquam.

244 747 336 823 Quod
360 751 468 811 tamen
493 749 525 810 et
547 743 647 809 solem
671 741 764 808 tellus
788 740 966 807 circumdat
990 741 1021 804 in
1045 739 1121 804 anni

246 876 414 960 Tempore,
440 878 473 938 et
497 871 537 936 ad
561 877 685 936 certum
709 870 849 955 spacium
874 867 1149 953 perpendiculares

245 1007 328 1072 Solis
352 1008 524 1089 conceptat
548 1001 669 1078 radios,
695 1001 896 1085 tropicosque
920 996 1071 1080 relinquit

245 1138 387 1223 Aequali
410 1135 576 1203 abstantes
599 1135 708 1220 spacio
733 1155 750 1198 e
773 1135 906 1218 regione
931 1131 1089 1217 polorum,

246 1269 342 1354 Spira
365 1287 424 1332 nec
448 1286 512 1331 non
536 1286 553 1329 e
577 1264 691 1341 media,
716 1283 811 1348 quam
834 1264 976 1349 portitor
999 1262 1107 1327 Helles

249 1398 409 1482 Libraque
433 1396 556 1471 definit,
580 1402 687 1463 terrae
709 1395 845 1461 sublime
868 1396 1006 1481 recingit

247 1528 448 1605 Convexum,
473 1530 610 1611 aequate
633 1528 761 1613 gemino
785 1527 824 1592 de
848 1527 978 1593 cardine
998 1527 1107 1606 distat,

251 1655 378 1740 Perque
402 1654 532 1741 globum
557 1655 708 1722 tenebras
730 1661 834 1725 totum
858 1678 929 1725 cum
953 1657 1075 1725 lucibus
1099 1666 1217 1745 aequat

247 1785 289 1851 Et
312 1785 387 1869 quia
410 1783 571 1870 phoebeos
595 1803 659 1850 non
683 1782 812 1868 obliquo
836 1787 956 1872 excipit
979 1807 1042 1853 axe

248 1916 330 1979 Dum
353 1918 453 1999 gyrat
477 1911 607 1989 radios,
631 1931 694 1996 quo
717 1917 862 1999 tempore
885 1934 950 1980 non
973 1917 1076 2000 magis
1099 1916 1154 1982 illa

250 2041 309 2107 Est
331 2038 398 2105 sole
422 2038 569 2117 medium,
594 2059 689 2124 quam
715 2040 759 2105 illi
782 2041 841 2119 sol,
859 2040 967 2127 judice
990 2063 1095 2124 sensu,

250 2168 463 2245 Contestata;
487 2189 546 2234 nec
569 2173 618 2235 est
641 2169 689 2234 sol
712 2170 765 2253 qui
788 2189 823 2234 se
845 2169 916 2236 luce
939 2171 1053 2236 diurna

249 2297 386 2373 Innatat,
411 2301 446 2363 at
471 2298 600 2382 propria
623 2297 718 2364 tellus
742 2299 902 2383 vertigine
925 2305 1071 2365 centrum

251 2424 324 2508 Ipsa
347 2442 438 2487 suum
463 2423 549 2488 circa
578 2425 714 2508 rapitur,
739 2430 915 2510 causatque
940 2426 1041 2492 videri

251 2558 410 2624 Lancibus
434 2559 580 2641 aequatis
603 2559 722 2622 circum
745 2558 919 2642 procedere
942 2559 1053 2626 solem.

255 2687 347 2763 Quod
372 2707 452 2754 vero
478 2686 519 2752 ad
543 2687 651 2752 lunam
675 2692 799 2772 spectat
822 2693 895 2773 post
920 2692 982 2755 ista
1007 2692 1180 2759 ridendum

255 2822 298 2888 Ut
321 2822 485 2907 proprium
509 2821 596 2885 circa
619 2824 764 2885 centrum
788 2839 846 2904 pro
871 2819 941 2886 luce
965 2821 1081 2887 diurna

255 2956 328 3020 Non
352 2974 421 3017 sese
445 2953 600 3028 invertat,
624 2950 771 3017 tellurem
788 2951 902 3017 circuit
926 2952 982 3017 illa

254 3085 342 3154 lstml
366 3084 406 3149 ob
429 3081 578 3157 officium,
601 3086 634 3147 et
657 3080 746 3146 velut
772 3099 869 3144 unum
893 3081 1038 3148 incurrat
1061 3084 1093 3147 in
1116 3081 1246 3160 orbem,

255 3217 317 3292 Qui
341 3213 430 3281 nitidi
457 3213 577 3277 circum
600 3210 720 3295 pariter
743 3227 863 3293 magna
885 3208 971 3274 atria
994 3208 1069 3274 solis

255 3349 416 3426 Vertitur,
441 3349 474 3410 et
497 3344 616 3430 gemini
639 3345 854 3408 circunractat
878 3361 1016 3428 corpora
1039 3343 1159 3421 niuali,

256 3475 352 3550 Queis
377 3474 497 3558 gemini
520 3472 658 3538 adversa
681 3472 881 3557 respondent
904 3479 997 3557 parte
1021 3473 1180 3559 planetae,

256 3604 368 3686 Aequo
392 3601 444 3685 qui
468 3599 556 3664 radio
580 3602 724 3684 opposita
747 3600 785 3665 de
811 3607 904 3684 parte
929 3600 1078 3667 seruntur

257 3734 420 3797 Dimetrus
445 3732 480 3793 ut
504 3729 649 3813 geminos
672 3727 769 3792 hosce
793 3727 886 3793 orbes
910 3730 1062 3796 terminet
1085 3751 1160 3809 una,

258 3859 352 3935 Quod
375 3859 505 3945 proprio
529 3863 710 3923 monstrare
726 3857 795 3924 loco
811 3857 1011 3925 decernimus
1034 3858 1116 3923 inde.

250 4081 342 4141 Plura
356 4084 424 4144 sunt
439 4086 613 4156 argumenta
628 4080 734 4158 quibus
748 4080 884 4142 tellurem
899 4083 928 4142 in
944 4084 1038 4144 modio
1057 4085 1249 4145 constitutam
1270 4102 1335 4145 esse

213 4201 324 4262 volunt.

254 4320 279 4385 1.
293 4325 331 4385 Et
343 4343 381 4385 ex
392 4344 427 4385 eo
442 4325 511 4402 quia
522 4325 651 4386 medium
664 4328 750 4389 debet
760 4344 825 4389 osse
838 4330 967 4390 omnium
980 4330 1199 4408 gravissimum,
1215 4344 1337 4410 proquo
