3442 5108
665 359 849 424 -213-

189 569 256 612 cere
270 552 375 630 possis,
390 569 478 629 quam
492 551 683 630 quodcunque
699 551 789 626 aliud3
804 567 869 609 cum
884 553 996 610 constet
1009 550 1140 628 (l)circa
1157 551 1256 612 omnia
1265 569 1314 629 pa·

189 679 263 739 riter
279 680 470 757 undequaque
484 679 656 740 immensum
671 699 723 758 pro
737 676 990 739 innumerabilium
1000 681 1146 737 astrorum
1158 696 1210 738 seu
1221 695 1310 738 mun·

190 799 294 858 dorum
309 800 488 859 continentia
505 801 632 878 spacium
647 807 758 878 patere.

232 917 329 975 Unum
354 917 515 994 primorum
541 937 695 996 corporum
709 936 801 995 genus
822 920 932 994 absque
946 918 1004 977 alio
1018 918 1177 980 consistere
1190 920 1310 981 minime

194 1053 287 1112 posse,
302 1035 374 1093 illud
389 1035 508 1108 indicat,
523 1038 599 1112 quud
620 1036 804 1096 diversorum
829 1037 1085 1113 oppositurumque
1109 1055 1253 1100 concursu
1275 1039 1314 1098 ad

193 1148 317 1216 motum,
332 1144 368 1203 ad
383 1147 619 1221 generationem,
633 1152 663 1208 et
677 1167 776 1207 rerum
790 1150 1007 1209 consistentiam
1022 1154 1128 1209 natura
1150 1152 1314 1226 provideat.

232 1262 267 1334 li,
278 1263 382 1338 quibus
395 1264 506 1340 absque
519 1264 636 1342 ingenio
651 1270 740 1342 atque
754 1268 866 1328 ratione
879 1267 980 1345 largiti
994 1271 1061 1327 sunt
1072 1268 1209 1340 oculi‚ita
1224 1287 1312 1347 nega·

190 1378 263 1438 bunt
273 1379 350 1438 circa
358 1379 416 1439 alia
427 1385 508 1440 astra
516 1382 586 1454 fixa,
594 1400 697 1461 nempe
705 1385 780 1444 soles
788 1384 961 1457 ,discurrere
970 1385 1114 1463 planetas,
1126 1388 1202 1447 siout
1210 1390 1239 1446 et
1255 1405 1313 1447 non

191 1501 341 1574 apparent:
355 1515 421 1557 cum
436 1502 466 1557 ct
481 1501 573 1559 omnis
587 1501 663 1560 ratio
677 1499 776 1574 dictet,
785 1502 863 1578 quod
874 1506 938 1560 tum
948 1505 1067 1579 propter
1078 1497 1232 1579 corporum
1251 1519 1315 1580 par·

192 1613 324 1685 vitatem,
344 1618 407 1673 tum
422 1617 549 1675 maxime
563 1621 681 1694 propter
696 1617 756 1676 vim
770 1618 887 1678 luminis
902 1619 1116 1691 remissiorem,
1131 1636 1204 1694 quae
1220 1622 1267 1678 est
1283 1617 1313 1676 in

190 1736 319 1812 speculo,
340 1737 417 1812 quod
432 1737 505 1797 lucis
520 1741 651 1798 umbram
666 1744 754 1816 atque
769 1739 926 1816 imaginem
940 1757 997 1798 non
1012 1740 1105 1816 ipsam
1119 1738 1213 1797 lucem
1232 1738 1314 1814 obje-

191 1860 305 1930 ctat,a
333 1858 459 1917 fixorum
484 1864 629 1920 astrorum
650 1879 825 1939 quocunque
848 1863 905 1922 alio
920 1862 1049 1935 tellures,
1063 1879 1137 1938 quae
1151 1864 1219 1920 sunt
1237 1860 1315 1920 circa

192 1983 247 2042 buc
265 1983 357 2043 fixum
372 1988 496 2057 astrum,
511 2003 567 2044 non
581 2003 723 2062 apparere
737 1988 867 2063 possunt.
882 1985 975 2044 l‘orro
987 1984 1016 2044 in
1029 1984 1065 2044 iis
1080 2002 1153 2061 quae
1173 1983 1315 2061 ejusmodi

193 2113 261 2167 sunt
282 2109 404 2185 speciei,
426 2128 470 2182 ea,
485 2129 559 2186 quae
580 2112 617 2171 ad
635 2113 789 2189 specificae
816 2116 938 2170 naturae
959 2108 1177 2170 consistentiam
1195 2106 1316 2179 faciunt,

192 2229 310 2288 omnino
333 2235 448 2306 oportet
462 2250 525 2291 esse
539 2232 648 2291 cadem.
658 2231 762 2308 Neque
776 2232 814 2291 ad
829 2231 952 2302 tabulas,
965 2230 1016 2288 sed
1031 2229 1066 2288 ad
1082 2246 1155 2300 eam,
1171 2244 1245 2303 quae
1260 2227 1315 2286 sub

192 2349 292 2408 silenis
318 2348 376 2409 illis
396 2352 569 2424 occultatur,
589 2352 762 2431 sapientium
782 2353 915 2414 conversi
930 2371 994 2413 esse
1010 2351 1218 2429 judicabimur,
1238 2351 1315 2427 qnod

193 2468 325 2539 daemon,
347 2486 398 2528 seu
421 2467 503 2528 furor
523 2471 686 2531 homericus
708 2473 762 2549 (2),
777 2472 890 2531 inducit
909 2473 1015 2532 lovem
1036 2489 1102 2530 cum
1123 2470 1178 2530 diis
1199 2469 1315 2541 ueteris,

194 2611 299 2686 nempe
313 2592 417 2665 stellis,
432 2593 469 2651 ad
484 2593 630 2653 Oceanum
641 2594 732 2670 juxta
745 2593 907 2670 Aethiopas
927 2591 1049 2670 epulari.
1065 2590 1224 2669 Aethiopes
1247 2591 1316 2648 sunt

193 2729 283 2787 opaca
299 2712 482 2788 planetarum
497 2729 630 2787 corpora,
644 2712 674 2769 in
696 2713 800 2787 quibus
822 2712 997 2771 elementum
1018 2728 1112 2785 aquae
1137 2708 1314 2781 dominatur,

195 2828 243 2904 qui
258 2832 291 2888 et
299 2827 486 2905 hospitalium
500 2828 650 2888 numinum
662 2828 828 2889 conditione
839 2828 1032 2888 celebrantur.
1041 2829 1097 2894 Qui
1111 2844 1182 2887 vero
1194 2828 1316 2886 deorum

197 2952 225 3006 et
240 2947 565 3024 epulantumretinncre
578 2952 768 3021 nomen‚suut
778 2948 864 3024 ignca
874 2953 956 3007 astra
967 2966 1051 3024 qnae,
1061 2946 1192 3007 dicendis
1207 2944 1316 3016 causis,

195 3071 289 3147 magis
304 3070 433 3147 principe
446 3071 611 3130 conditione
626 3069 665 3128 dii
680 3069 899 3130 nominitanlur:
910 3069 961 3128 sed
973 3066 994 3126 ii
1006 3068 1148 3144 quomodo
1160 3085 1212 3145 per
1225 3084 1316 3144 aquas

196 3191 372 3263 nutriantur,
389 3191 448 3250 alia
461 3210 548 3268 quam
563 3193 669 3270 vulgus
683 3195 780 3271 capiat
793 3193 915 3266 rationu,
937 3193 1051 3270 planius
1071 3192 1102 3252 in
1128 3190 1317 3267 sequentibus

195 3311 415 3372 insinuabimus·

222 3549 252 3599 ll)
263 3545 278 3587 ll
288 3551 347 3588 testo
355 3543 390 3586 ha:
402 3551 499 3588 conseer.

223 3635 254 3686 tt)
269 3635 284 3676 ll
302 3642 361 3678 testo
375 3636 418 3679 ba:
434 3639 577 3680 linares-cius.
