3442 5108
765 310 942 373 -120-

210 539 213 544 .
298 524 372 577 non
399 498 661 576 concedimus:
684 497 775 599 petit
794 497 950 575 enimin
968 496 1148 598 principio
1166 493 1410 598 philosophus

296 627 378 721 iste,
398 624 687 728 quotiescunque
705 622 800 701 tales
818 624 981 701 adsumit
999 622 1242 700 definitiones.

793 900 915 954 Remo.

346 1125 443 1206 Cum
461 1108 580 1229 inquit
597 1124 828 1203 Aristoteles:
848 1130 904 1203 est
922 1125 967 1201 de
985 1124 1129 1201 ratione
1143 1123 1310 1227 eorporis
1325 1148 1409 1200 esse

299 1252 451 1356 planitie
468 1251 720 1338 terminatum,
740 1254 778 1327 et
796 1275 842 1327 ex
860 1249 932 1328 hoo
949 1249 1103 1338 inducit,
1123 1274 1257 1351 eorpus
1281 1247 1412 1326 infini-

297 1382 378 1455 tum
395 1403 471 1456 non
485 1403 577 1472 esse,
597 1402 664 1454 suo
678 1399 782 1453 more
796 1400 844 1452 ex
858 1375 1110 1478 suppositione
1124 1375 1315 1470 falsorum,
1330 1398 1416 1477 pro·

292 1503 532 1606 priorumque
567 1501 830 1604 principiorum
865 1500 1012 1578 incedit.
1050 1499 1280 1604 Supponenti
1321 1523 1412 1576 vero

297 1655 429 1732 corpus
447 1629 632 1706 infinitum
664 1653 770 1722 esse,
798 1627 994 1729 superficie
1021 1628 1212 1704 terminari
1240 1650 1315 1703 non
1343 1623 1415 1702 erit

300 1756 421 1833 omnis
439 1757 603 1859 eorporis
625 1756 732 1849 ratio,
752 1754 815 1832 sed
834 1754 929 1831 finiti
948 1757 1094 1832 tantum
1112 1754 1288 1857 corporis.

752 2029 839 2083 ΛΚΤ.
859 2018 964 2084 XXIII.

352 2257 464 2335 Nulla
482 2267 627 2360 quoque
646 2257 790 2334 ratione
808 2256 958 2335 fulcitus
977 2257 1243 2359 Anaxagoram
1268 2255 1413 2356 arguit,

304 2384 490 2463 infinitum
507 2383 670 2486 seipsum
687 2383 837 2462 firmare
855 2388 1096 2463 asserentem.

798 2660 920 2713 RATIO.

350 2883 557 2975 Infinitum,
580 2881 667 2983 quia
684 2882 894 2980 infinitum,
915 2884 1170 2963 maximenon
1190 2887 1325 2973 nutat,
1344 2910 1419 2962 non

297 3009 477 3113 trepidat:
505 3007 667 3084 infinitas
691 3010 789 3086 enim
810 3016 867 3088 est
886 3011 1054 3088 maxima
1077 3009 1344 3089 immobilitatis
1363 3038 1420 3090 ra-

297 3135 362 3229 tio,
376 3136 457 3213 ideo
476 3133 661 3210 infinitum
680 3134 853 3238 seipsum,
871 3137 1019 3214 firmare
1036 3135 1183 3213 dieitur:
1195 3136 1281 3238 quia
1292 3163 1339 3213 ex
1354 3164 1421 3215 sua

299 3261 442 3338 ratione
457 3260 581 3352 habet,
597 3263 707 3361 atque
721 3265 856 3338 natura
870 3261 1223 3346 firmitatemQuare
1237 3259 1417 3367 (inquies)

298 3409 374 3463 non
392 3385 570 3462 defertur?
589 3409 637 3461 ex
650 3385 852 3465 intrinseca
866 3412 989 3482 causa,
1005 3386 1318 3490 respondebimus,
1330 3391 1421 3492 quia

299 3510 484 3590 infinitum
503 3514 571 3605 est,
591 3512 677 3614 quia
695 3514 902 3591 nonhabet
920 3518 1029 3591 extra
1047 3538 1087 3591 se
1114 3513 1300 3617 spacium,
1323 3515 1416 3615 quia

299 3660 373 3714 non
391 3638 504 3714 habet
521 3637 721 3715 terminum
740 3639 836 3717 unde
855 3644 892 3718 et
910 3665 982 3742 quo
1001 3641 1155 3719 feratur.
1170 3638 1340 3744 Seipsum
1354 3641 1417 3716 fir-

301 3765 379 3838 mat
397 3761 535 3864 igitur,
555 3763 641 3866 quia
658 3764 780 3866 ipsum
798 3771 856 3844 est
874 3767 943 3844 sibi
962 3766 1058 3845 ratio
1076 3766 1275 3844 firmitatis:
1291 3793 1411 3871 neque

302 3886 400 3965 enim
418 3887 469 3982 vi,
488 3913 608 3992 neque
625 3894 761 3969 natura
779 3897 837 3970 est
856 3891 1003 3988 alicubi,
1022 3891 1111 3996 quia
1130 3898 1186 3971 est
1201 3893 1419 3972 universum

303 4017 341 4092 et
359 4014 503 4117 ubique.
