3442 5108
656 365 832 428 -215-

231 554 302 626 Quo
327 553 457 637 pedibus
482 556 616 620 nonire
639 554 744 632 datur;
769 554 958 621 distantibus
980 560 1013 620 et
1035 557 1067 618 te

227 684 334 776 lunge
357 683 463 758 astris,
488 682 632 766 quodque
656 704 696 749 ex
720 684 781 748 illis
805 687 988 771 cognoscito
1015 687 1174 752 muudum:

230 814 330 888 Quem
353 834 411 898 par
434 814 592 898 componit
613 813 793 880 substantia
816 815 1049 900 principiorum,

226 949 317 1014 Unde
341 950 383 1013 ibi
408 949 550 1014 Tellures
574 949 723 1033 Solesque
747 970 919 1035 agnoscere
942 955 1051 1036 possis,

228 1082 317 1154 Quos
341 1082 476 1147 Cereres
500 1081 704 1165 Bacchosque
729 1087 825 1147 vocat
850 1083 1033 1147 veneranda
1055 1090 1209 1151 vetustas.

226 1212 310 1277 Nam
334 1212 393 1278 tibi
416 1213 443 1276 si
465 1212 569 1288 liceat,
593 1212 699 1278 mundi
723 1214 817 1300 hujus
840 1215 912 1280 sede
935 1216 1055 1292 relicta,

226 1342 369 1408 Alterius
394 1340 463 1407 fieri
487 1342 700 1428 cujuscunque
723 1342 826 1407 incola
848 1343 934 1419 solis,

226 1468 329 1542 Quam
353 1469 400 1533 sol
423 1470 474 1534 ille
498 1471 572 1535 hinc
596 1477 645 1536 est
667 1470 718 1534 hic
740 1453 842 1534 maior
865 1490 928 1536 non
952 1474 1015 1539 erit
1037 1474 1132 1553 illinc,

225 1597 298 1663 Non
324 1597 502 1684 facientque
526 1601 576 1664 sui
598 1621 725 1665 sensum
749 1605 914 1669 currentia
937 1605 1055 1670 circum
1078 1606 1158 1673 haec

226 1729 362 1814 Sydera,
386 1751 425 1795 ne
448 1730 488 1795 ad
513 1732 675 1795 minimum
699 1733 847 1816 siquidem
872 1735 1054 1801 accedentia
1077 1743 1239 1822 punctum,

222 1861 343 1927 Sensus
367 1864 450 1926 enim
474 1861 618 1927 docuisse
642 1867 758 1946 potest,
782 1884 876 1947 quam
900 1867 1043 1949 corporis
1067 1867 1131 1932 atri

221 1992 363 2069 lllillibus
388 1999 437 2058 est
460 1995 581 2079 species
604 1999 746 2061 numeris
770 1996 948 2082 absumpta,
973 2003 1155 2085 priusquam
1218 2074 1221 2088 ‚

221 2129 391 2214 Lampadis
414 2150 567 2195 accensae
591 2129 704 2214 perdat
726 2129 879 2197 distantia
901 2151 1038 2199 sensum.

221 2267 339 2333 Addito
364 2272 449 2333 utet
471 2265 572 2352 majus
596 2267 803 2350 quantumvis
827 2286 942 2351 corpus
966 2286 1098 2351 opacum
1119 2270 1167 2355 (1)

221 2398 253 2463 Si
278 2396 490 2482 splendentem
515 2397 599 2461 inter
622 2395 745 2461 stellam
769 2394 936 2477 lumenque
965 2395 1102 2464 videntis

221 2521 420 2605 Praegranui
444 2526 538 2605 atque
563 2520 693 2606 globoso
716 2519 812 2586 dorso
835 2521 1060 2606 interjiciatur,
1154 2589 1158 2597 ,

221 2649 397 2715 Dummodo
421 2654 570 2714 servetur
591 2654 717 2715 tantum
742 2648 909 2715 distantiae
933 2651 1093 2734 utrinque,

219 2787 348 2859 Quanto
373 2784 522 2867 utrinque
545 2801 602 2846 suo
625 2787 813 2866 consumpta
835 2788 884 2846 est
906 2800 983 2847 area
1005 2787 1120 2860 tractu,

218 2914 287 2979 Filo
310 2915 516 2998 quantumvis
539 2874 659 2977 directo
684 2912 915 2989 intersituetur‚

221 3042 273 3108 Nil
297 3044 399 3107 risum
425 3043 509 3106 intra
532 3038 699 3123 apparebit
720 3038 885 3124 lumenque
911 3042 1056 3109 videntis

222 3170 342 3236 Contra
365 3171 392 3232 si
416 3168 549 3234 alterius
572 3168 720 3252 proprius
744 3169 787 3234 sit
810 3168 924 3234 finibus
948 3172 1063 3238 horum

216 3304 384 3382 (Finitimo
408 3306 444 3366 ut
467 3300 578 3364 Lunae
602 3298 709 3363 Tellus
733 3299 881 3365 turbatur
903 3302 943 3367 ab
967 3304 1056 3382 orbe,

216 3439 370 3518 Lunaque
395 3431 544 3517 Telluris)
569 3431 659 3496 labor
681 3436 714 3497 et
736 3430 879 3500 delectus
903 3437 1051 3520 utrinque

216 3569 384 3637 Constabit
407 3568 528 3633 varius.

216 3702 301 3785 Ergo
325 3699 398 3784 quid
422 3698 513 3775 dices,
539 3697 591 3762 ubi
614 3696 784 3783 splendens
808 3698 855 3782 (2)
879 3717 956 3762 area
979 3698 1055 3762 solis

214 3831 319 3917 Major
342 3836 408 3897 tam
432 3829 532 3894 multo
555 3834 605 3894 est
628 3826 942 3913 circumgyrantibus
966 3831 1064 3894 astris

214 3968 276 4031 Tot
298 3965 437 4029 numeris
461 3962 640 4046 absumpta,
667 3961 756 4026 velut
779 3959 817 4024 de
841 3959 937 4025 corde
961 3962 1087 4037 Leonis,

213 4094 319 4174 Deque
343 4090 434 4155 oculo
460 4089 557 4153 Tauri
581 4089 665 4172 potis
689 4094 738 4151 est
760 4086 988 4169 comprendere
1011 4089 1151 4171 quisque,

212 4223 357 4287 Luminis
380 4221 509 4305 augusti
534 4219 616 4284 unde
639 4221 815 4283 extenuata
838 4221 981 4302 potestas

197 4395 227 4450 (l)
239 4396 255 4437 ll
264 4403 321 4438 testo
329 4396 369 4439 ha:
385 4409 493 4452 (sparum.

197 4490 227 4544 (2)
243 4491 259 4532 ll
268 4491 372 4535 tostohu:
388 4494 516 4549 spendens.
