3442 5108
688 363 727 376 -
748 332 807 389 317
828 362 867 374 -

214 471 281 534 Non
304 477 351 532 est
365 472 442 533 enim
456 488 571 548 semper
596 469 725 546 corporis
740 470 878 531 luminosi
893 469 1038 530 censenda
1053 472 1225 548 magnitudo
1239 473 1341 534 eadem

212 612 277 653 osse
293 595 339 652 rel
355 612 556 671 perseverare,
571 598 604 653 ut
618 595 735 673 putarit
751 600 780 653 et
795 595 895 653 docuit
911 594 1077 670 Epicurus:
1098 597 1168 672 quia
1190 598 1341 658 nocturnis

214 717 242 775 in
260 718 391 776 tenebris
405 717 519 776 eminas
531 719 646 794 positae
660 717 803 794 lampadis
820 736 875 776 non
887 719 1218 795 minorquamcominus
1231 720 1343 795 positae

215 844 315 922 lingua
331 846 477 917 uideatur,
492 846 568 904 unde
579 844 695 921 judicat
710 860 762 921 por
783 843 952 902 distantiam
976 842 1110 902 luminosi
1133 840 1264 917 conponis
1286 858 1343 898 non

215 968 467 1043 magnitudinum,
483 966 533 1023 sed
549 966 687 1037 colorem,
709 963 893 1022 visibilitatis
909 981 1011 1039 nempe
1030 964 1175 1021 intensam
1200 960 1341 1020 virtutem

216 1085 337 1155 variari,
354 1084 486 1160 uitiatas
502 1085 620 1142 tandem
637 1102 692 1142 non
709 1086 736 1142 in
752 1088 914 1161 punetnm,
931 1083 982 1142 sed
998 1083 1026 1141 in
1042 1087 1159 1142 tenuem
1179 1082 1224 1152 (in
1241 1082 1344 1140 cadem

215 1208 387 1289 latitudine)
407 1210 593 1285 splendorem
608 1207 776 1280 desinendo,
792 1207 896 1285 majori
911 1206 1099 1283 elongatione
1120 1204 1215 1263 sideri
1240 1206 1345 1263 cessat.

225 1321 228 1325 ’
257 1328 315 1386 Sed
331 1328 380 1387 iile
395 1347 452 1387 non
467 1328 678 1388 animadvertit
691 1325 827 1386 accidens
843 1326 915 1385 illud
925 1327 1000 1402 quod
1016 1327 1184 1385 dominatur
1195 1326 1223 1384 in
1239 1326 1345 1384 nostris

217 1444 410 1522 lampadibus,
428 1465 502 1523 quac
517 1449 605 1506 etiam
620 1447 733 1505 culinus
748 1445 861 1523 positae
879 1447 1020 1521 iuniorem
1034 1446 1182 1504 interdum
1204 1444 1343 1504 videntur

217 1561 324 1621 babere
340 1567 488 1625 dammam
504 1584 592 1641 quam
606 1565 737 1623 sicinae:
752 1566 820 1639 quia
841 1582 892 1623 aer
905 1565 1098 1623 circumstans
1111 1582 1282 1640 vaporosus‚
1294 1560 1345 1642 (l)

216 1681 398 1743 illuminatus
415 1684 515 1743 venire
531 1685 649 1743 videtur
660 1687 688 1744 in
701 1684 812 1761 ignitae
824 1685 960 1744 liammae
973 1688 1095 1762 partem,
1107 1689 1140 1742 ut
1152 1685 1249 1762 aplius
1261 1686 1343 1746 ilam-

218 1817 282 1857 mae
300 1808 411 1876 partein
427 1804 540 1860 erninus
566 1802 705 1861 metiatur
721 1800 778 1882 (2),
793 1819 881 1878 qurum
903 1803 1044 1874 cominus,
1060 1801 1136 1862 sicut
1158 1822 1297 1881 vaporem
1313 1812 1344 1867 et

220 1922 357 1978 nebulam
375 1940 429 1979 non
446 1921 487 1981 ila
502 1924 537 1981 dc
552 1924 714 1999 propinquo
730 1941 885 2001 possumus
901 1924 1031 2000 aspicorc
1047 1928 1188 2002 (propter
1203 1926 1346 1986 minorem

221 2040 411 2098 intermediae
426 2042 567 2100 materiae
582 2042 818 2120 spissitudinem)
834 2048 867 2102 ut
881 2050 910 2102 et
926 2044 961 2102 dc
976 2045 1133 2104 remotiore
1146 2045 1254 2120 ioeo‚ot
1264 2052 1347 2108 tanto

221 2160 338 2237 quidem
355 2163 520 2233 remotiore,
530 2170 638 2240 quarruto
653 2165 788 2225 nebulam
804 2167 912 2226 accidit
926 2185 990 2227 esse
1005 2169 1157 2230 rariorem.
1167 2170 1275 2230 iccirco
1291 2189 1347 2231 non

220 2279 342 2339 decebat
363 2299 398 2338 ea
414 2282 476 2357 ipsa
497 2282 664 2341 inductione
685 2284 857 2343 eorreluderc
879 2286 914 2344 de
929 2286 1007 2345 omni
1032 2288 1159 2361 iumine,
1180 2290 1348 2367 hujusmodi

221 2403 309 2473 atquc
321 2418 451 2476 semper,
464 2410 494 2460 ct
508 2403 574 2460 indo
589 2406 745 2481 procedere
761 2405 797 2461 ad
814 2405 922 2464 irrratina
937 2407 964 2465 in
980 2407 1135 2483 purissimo
1150 2409 1269 2467 aethere
1284 2427 1348 2468 con·

221 2519 363 2579 sistentia.
379 2520 434 2579 Sed
457 2522 486 2579 in
503 2523 729 2598 disputationem
753 2526 828 2583 lianc
843 2526 929 2601 plura
950 2527 1016 2586 heic
1037 2527 1234 2604 multiplicare
1256 2529 1349 2587 verita

221 2662 277 2701 nou
292 2645 391 2715 dccet,
407 2664 494 2721 aptarim
516 2653 588 2723 «pilot
603 2648 676 2709 beno
698 2646 774 2706 iratis
795 2650 826 2703 ct
841 2669 897 2707 non
919 2647 1056 2724 lucifugis
1076 2646 1214 2707 sulficere
1234 2646 1350 2724 possint

222 2757 356 2834 ingeniis.

683 2924 827 2992 CAPUT
852 2925 893 2991 V.

251 3137 376 3179 Solvuntur
389 3146 531 3189 nruurneuta.
547 3136 627 3191 quibus
642 3137 663 3179 iu
678 3136 750 3179 medio
764 3136 863 3179 tellurem
879 3143 979 3181 statuunt
994 3148 1021 3178 ex
1036 3136 1171 3192 aequalitate
1186 3136 1323 3188 laminarum,

278 3238 299 3273 et
314 3231 428 3279 inruirnnn,
442 3238 465 3273 ct
480 3228 628 3274 iiiernliomlts
642 3231 725 3281 lineae,
737 3240 761 3273 et
774 3232 795 3274 id
805 3230 989 3285 periculorum.
1001 3230 1086 3284 ineptia
1096 3229 1209 3271 constituti
1219 3236 1325 3283 lanqrrarn

275 3324 303 3364 al
315 3323 429 3379 physicam
439 3332 462 3365 et
471 3326 629 3377 georrlelricarn
637 3330 666 3379 13)
676 3327 777 3379 rumdam
787 3326 909 3379 rineridiaui,
920 3326 976 3381 qnod
988 3338 1100 3369 anania-ui
1116 3326 1147 3381 (1]
1162 3326 1258 3369 diluuium
1272 3326 1324 3368 reli·

278 3428 370 3471 alriniunt
381 3417 535 3471 ‹rpieraticnuar
550 3430 649 3461 norruaur
664 3420 809 3462 coistitmnu.

315 3600 408 3665 Nunc
432 3622 508 3687 rape
532 3605 635 3688 signa,
660 3606 773 3690 quibus
790 3607 893 3673 media
917 3610 949 3673 in
972 3611 1112 3675 statione
1136 3616 1317 3675 manentem
1392 3614 1395 3621 '

273 3728 433 3794 Tellurem
458 3730 598 3796 rideant.
625 3733 708 3807 Quia
732 3738 757 3799 si
782 3738 885 3802 ruinas
908 3738 1016 3805 altstat
1039 3760 1098 3803 eoa
1140 3728 1144 3735 ¹

273 3860 297 3923 :l
325 3865 430 3943 porta,
455 3862 647 3926 tartessiaeo
671 3882 765 3946 <piuant
790 3866 897 3943 limite,
925 3868 1073 3934 Phoebus

252 4066 283 4119 ti)
295 4067 379 4117 onena
395 4066 481 4121 singola
497 4080 576 4111 umbra
586 4070 622 4113 nid
632 4078 699 4114 testo.

252 4164 282 4207 itt
296 4159 311 4202 ll
322 4168 379 4203 testo
389 4159 426 4203 lin:
438 4164 575 4205 raneirttu'nr.

252 4258 282 4309 (3)
295 4258 311 4299 li
321 4266 379 4299 iussio
389 4258 429 4299 ila:
445 4264 603 4310 perinfirmus.

251 4346 283 4401 (l)
294 4349 310 4390 ii
321 4357 379 4392 testo
390 4350 425 4391 ira:
437 4362 538 4392 rucrint.
