3442 5108
676 361 854 420 -na-

204 544 350 648 equina,
373 570 486 646 quam
508 568 595 621 earo
622 545 793 646 passeris.
814 545 910 628 Quia
927 544 1042 646 igitur
1059 568 1135 620 uon
1153 556 1214 622 est
1232 571 1319 647 pars

206 671 396 762 materiae,
424 697 473 747 ex
499 696 574 774 qua
598 695 673 747 non
700 671 818 772 possit
843 696 925 747 esse
952 670 1079 762 homo,
1098 677 1157 748 θεῖ
1174 672 1320 748 sanein

205 797 371 899 potentia
383 801 551 890 naturae,
566 802 609 874 ut
626 797 813 874 infinitum
831 796 1021 874 hominem
1038 796 1162 889 faeiat
1182 796 1257 873 imo
1277 801 1320 873 nt

202 922 330 1000 feeerit
346 924 533 1001 infinitum
551 924 757 1013 hominem,
776 926 851 1002 imo
870 929 912 1001 ut
929 924 979 1000 sit
995 923 1160 1000 infinitus
1178 923 1313 1015 homo,

202 1053 240 1127 et
257 1050 404 1129 infinita
420 1052 604 1154 quaelibet
621 1051 773 1155 speeies.
793 1052 866 1129 Sed
884 1052 948 1129 ubi
961 1047 1136 1154 (inquies)
1153 1072 1318 1153 unquam

202 1178 397 1279 apparuit?
430 1178 511 1255 Non
539 1182 597 1255 est
623 1203 716 1280 opus
745 1175 929 1283 (inquam)
947 1181 989 1253 ut
1007 1180 1208 1278 appareat,
1227 1173 1317 1277 quia

203 1305 390 1381 infinitum
422 1328 541 1407 neque
567 1305 808 1383 terminatum
839 1309 920 1397 est,
952 1327 1071 1405 neque
1098 1301 1314 1402 figuratum.

201 1431 302 1532 Ergo
319 1428 494 1534 (inquies)
511 1431 678 1510 infinitus
696 1432 821 1525 homo,
841 1430 1006 1508 infinitus
1020 1428 1157 1521 asinus,
1172 1426 1317 1503 infinita

201 1555 317 1633 fieus?
344 1557 398 1634 lta
427 1557 580 1660 inquam
606 1559 694 1660 quia
720 1557 907 1634 infinitum
934 1560 991 1633 est
1010 1577 1125 1632 unum
1143 1552 1315 1655 idemque

200 1706 292 1774 esse,
312 1686 432 1759 totum
449 1681 660 1761 indifferens
678 1684 717 1760 in
738 1708 813 1762 una
831 1681 1060 1774 substantia,
1079 1702 1194 1757 unum
1221 1703 1314 1772 ens,

199 1805 238 1882 in
256 1831 329 1908 quo
347 1807 458 1884 homo
476 1812 534 1885 est
552 1833 652 1903 vere,
672 1811 799 1888 asinus
818 1814 993 1901 estuare,
1012 1831 1145 1885 aurum
1159 1828 1260 1898 vere,
1275 1809 1312 1880 et

200 1956 289 2008 vere
306 1937 364 2009 est
381 1933 554 2036 quioquid
571 1940 639 2012 est:
658 1938 757 2039 quod
777 1961 867 2014 vero
885 1961 961 2013 non
980 1941 1038 2011 θεῖ
1055 1931 1252 2023 infinitum,
1272 1955 1317 2006 u·

200 2082 303 2150 num,
321 2059 517 2149 immobile,
536 2063 601 2139 sed
619 2062 837 2165 figuratum,
858 2063 1015 2154 finitum,
1035 2057 1222 2145 mutabile,
1237 2080 1314 2133 non

199 2190 256 2261 θεῖ
273 2211 417 2280 verum,
436 2188 500 2265 sed
518 2213 593 2266 non
612 2214 690 2284 ens,
711 2191 896 2286 sensibile,
915 2186 1110 2294 opinabile.
1125 2184 1233 2270 Quod
1247 2183 1315 2287 igi·

198 2314 260 2387 tur
277 2311 492 2414 imaginatio
512 2315 688 2417 quidlibet
705 2317 890 2395 infinitam
909 2317 956 2394 ad
976 2315 1109 2393 molem
1127 2308 1314 2415 persequi·

200 2439 281 2529 tur,
309 2461 384 2513 non
410 2437 576 2517 fallitur:
596 2442 660 2518 sed
688 2442 800 2520 altius
818 2447 992 2520 naturam
1009 2439 1189 2530 imitatur,
1209 2440 1247 2513 et
1265 2434 1312 2512 ad

200 2562 395 2640 veritatem
413 2564 574 2667 appellit,
594 2592 706 2669 quam
725 2594 869 2657 sensus,
888 2569 936 2646 ad
955 2567 1149 2643 veritatem
1163 2561 1314 2663 inquam

201 2687 308 2790 primi
327 2689 547 2786 intellectus,
567 2694 630 2797 qui
648 2719 724 2772 nou
739 2700 862 2798 potest
876 2695 1080 2797 intelligere
1097 2691 1168 2769 nisi
1183 2712 1311 2771 unum.

201 2840 319 2917 neque
336 2823 459 2918 potest
476 2819 683 2922 intelligere
701 2822 773 2898 nisi
792 2823 989 2898 infinitum.
1009 2818 1197 2895 Infinitum
1216 2813 1313 2891 enim

202 2944 258 3018 θεῖ
288 2944 384 3043 quod
415 2949 559 3046 potest,
593 2947 682 3023 illud
717 2952 917 3051 operatur:
938 2971 1053 3024 unum
1072 2945 1239 3044 idemque
1258 2944 1314 3016 est

201 3067 297 3168 quod
325 3073 405 3159 est,
424 3071 520 3171 quod
539 3078 680 3174 potest,
701 3075 799 3177 quod
822 3075 925 3175 agit:
944 3073 1025 3150 ideo
1044 3092 1158 3149 unum
1187 3070 1244 3143 θεῖ
1262 3062 1314 3140 illi

201 3215 333 3269 nomen
353 3192 648 3298 indescriptibile‚
677 3197 873 3292 ineffabile,
895 3205 935 3276 et
952 3198 1076 3276 omnia
1093 3192 1243 3272 nomina
1261 3188 1312 3265 illi

202 3319 398 3395 convenire
416 3327 583 3422 possunt,
603 3329 641 3400 et
658 3324 803 3401 nullum
822 3349 969 3402 nomen.
989 3326 1048 3401 Ex
1066 3322 1132 3408 iis,
1151 3315 1259 3395 sicui
1279 3341 1315 3391 a·

200 3442 300 3544 liqua
317 3443 489 3525 videntur
507 3450 679 3543 absurda,
698 3450 777 3552 ipse
796 3450 974 3553 ampliore
994 3449 1134 3552 indiget
1153 3443 1315 3522 deelara-

201 3567 312 3662 tione,
333 3570 391 3648 cui
409 3598 484 3650 non
502 3580 561 3653 est
578 3577 640 3654 hio
654 3577 771 3655 loeus:
787 3577 937 3655 iuterim
952 3602 998 3655 ne
1013 3582 1152 3655 temere
1161 3571 1313 3676 judicet.

663 3853 748 3907 ΛΒΤ.
768 3854 859 3908 xxu.

250 4070 439 4174 Negamus
458 4076 650 4157 Aristoteli
670 4083 836 4184 eorporis
854 4080 1035 4158 rationem
1055 4103 1134 4156 esse
1160 4075 1312 4180 planitie

197 4200 449 4297 terminatum,
465 4203 563 4283 siout
573 4210 614 4284 et
628 4209 775 4286 numeri
789 4208 974 4287 rationem
988 4209 1223 4283 numeratum
1232 4226 1312 4281 esse
