3442 5108
671 374 850 436 -167-

249 710 379 779 CIRCA
403 709 578 777 PRIMUM
602 709 769 776 LIBRUM
793 709 849 776 DE
872 707 1011 775 COELO
1036 709 1090 774 ET
1114 707 1278 776 MUNDO.

667 972 785 1027 ARTIC.
813 973 859 1026 LI.

258 1207 317 1283 Ex
344 1205 445 1309 ipsis,
473 1230 568 1309 quae
595 1203 634 1281 in
661 1202 839 1307 principio
853 1201 939 1279 libri
957 1203 1002 1279 de
1021 1202 1123 1280 coelo
1139 1202 1320 1305 praeponit

205 1332 435 1426 Aristoteles
455 1332 646 1435 pueriliter
664 1331 864 1408 admodum
890 1332 1072 1408 mundum
1099 1356 1183 1409 esse
1211 1332 1326 1436 perf-

205 1469 308 1540 ctum
326 1462 480 1540 inducit:
495 1462 699 1564 quinimmo
710 1459 947 1561 Peripatetici
959 1484 1085 1537 omnes
1097 1461 1259 1538 medium
1276 1461 1323 1537 ad

206 1591 438 1694 probandam
456 1591 583 1666 mundi
599 1588 863 1692 perfectionem
883 1613 958 1667 non
976 1589 1177 1667 habebunt.

155 1782 159 1789 .
258 1717 312 1793 lbi
330 1716 523 1819 potissima
542 1714 735 1793 Aristoteli
755 1714 851 1792 ratio
879 1721 947 1809 est,
976 1717 1084 1817 quod,
1104 1742 1190 1794 cum
1208 1717 1323 1794 mani-

206 1841 341 1919 festum
360 1841 409 1919 sit
426 1842 525 1919 intra
538 1839 801 1943 magnitudinis
820 1840 962 1943 species
980 1866 1114 1943 corpus
1133 1867 1215 1919 esse
1241 1866 1323 1943 per-

206 1969 355 2062 lectum,
375 1968 515 2070 patebit
532 1968 657 2060 etiam,
677 1966 905 2059 universum,
926 1966 1069 2043 ratione
1088 1993 1160 2070 qua
1178 1993 1326 2069 corpus

205 2123 287 2174 esse
306 2095 523 2199 perlectum,
539 2093 626 2198 quio
640 2118 705 2197 per
719 2099 843 2196 partes
862 2094 1053 2189 discretus,
1073 2122 1229 2200 quarum
1248 2099 1328 2175 nul·

206 2225 280 2302 lam
301 2225 476 2319 excludit,
496 2230 552 2302 est
579 2249 698 2302 omne:
731 2248 797 2326 per
824 2229 948 2326 partes
966 2225 1174 2319 continuas,
1194 2227 1325 2328 quibus

205 2363 363 2445 constat,
387 2361 443 2433 est
461 2361 593 2433 totum:
613 2380 680 2457 per
699 2354 855 2430 formam
875 2354 1025 2430 tandem
1043 2378 1150 2432 suam
1170 2366 1226 2431 est
1246 2380 1327 2456 per·

204 2482 354 2560 fectum:
380 2484 507 2560 itidem
526 2483 682 2575 ratione,
702 2508 775 2584 quo
794 2482 1009 2558 universum
1036 2489 1105 2576 est,
1120 2484 1326 2586 perfectum

205 2608 363 2700 dicitur3
393 2609 489 2685 sicut
516 2608 616 2687 enim
643 2608 724 2686 ideo
752 2633 887 2711 corpus
914 2614 971 2686 est
997 2610 1202 2713 perfectum
1230 2611 1328 2688 inter

205 2736 494 2838 magnitudines,
519 2739 605 2840 quia
618 2761 693 2815 non
707 2737 842 2814 transit
855 2736 893 2813 in
908 2737 1002 2814 alins
1020 2738 1167 2839 generis
1187 2739 1328 2840 magni·

204 2869 383 2963 tudinem,
411 2870 464 2946 ita
482 2877 538 2948 est
556 2875 594 2947 et
621 2871 825 2974 perlectum
853 2870 892 2947 in
920 2893 1056 2972 genere
1083 2894 1221 2957 rerum,
1240 2869 1328 2971 qnia

207 3020 282 3073 non
301 2998 526 3076 terminatur
544 3000 592 3077 ad
610 2999 748 3103 aliquid
766 3000 986 3101 alind,quod
1004 3001 1055 3078 sit
1068 3007 1178 3078 extro
1191 3001 1327 3102 ipsum,

207 3122 505 3225 qnandoquidem
527 3129 635 3201 extro
654 3125 870 3202 universum
897 3124 991 3203 nihil
1009 3131 1077 3215 est,
1093 3126 1230 3229 alioqui
1248 3151 1327 3228 per-

207 3250 346 3328 lectum
364 3276 438 3328 non
461 3257 529 3329 est.
549 3252 620 3330 Hic
639 3255 833 3355 oportebat
850 3252 997 3347 addere,
1012 3253 1109 3356 quod
1123 3258 1232 3331 extra
1252 3278 1327 3331 non

207 3376 256 3454 sit
270 3377 408 3481 aliquid
424 3380 540 3475 sui,et
553 3382 600 3458 ad
614 3381 736 3483 ipsum
751 3383 952 3485 pertinens
963 3383 1051 3486 qnia
1064 3382 1236 3489 decet(l)
1246 3409 1327 3461 esse

206 3504 257 3581 ibi
267 3504 453 3583 infinitum
472 3511 509 3583 ct
528 3507 751 3600 immortale,
764 3507 879 3584 vitam
898 3509 1030 3585 vivens
1050 3508 1326 3610 sempiternam.

207 3635 259 3708 At
276 3630 314 3736 (o
333 3629 462 3735 bonel)
483 3633 513 3710 si
532 3633 616 3711 ideo
635 3633 769 3710 dicitur
788 3635 1006 3736 perfectum,
1035 3636 1123 3739 qnia
1150 3636 1244 3714 nihil
1272 3640 1329 3714 est

208 3758 306 3836 ultra
320 3759 453 3862 ipsum,
469 3762 599 3839 eadem
619 3761 762 3838 ratione
781 3762 906 3838 omnia
933 3750 1124 3840 individua
1143 3768 1230 3840 sunt
1249 3787 1330 3865 per·

208 3888 316 3967 fecta:
336 3915 496 3993 namque
515 3891 613 3970 siout
631 3891 725 3968 haec
753 3890 1000 3968 terminantur
1019 3892 1065 3968 ad
1083 3890 1185 3968 aliud
1209 3891 1329 3967 diver·

207 4039 302 4110 sum,
326 4016 430 4096 itaet
447 4018 608 4097 mundns
627 4017 673 4094 ad
692 4015 790 4093 alind
810 4017 998 4096 diversum
1012 4018 1126 4122 (quod
1145 4023 1202 4096 est
1221 4017 1327 4095 intel·

247 4310 295 4390 (l)
309 4310 334 4370 ll
347 4313 424 4372 testo
438 4307 474 4370 ed
488 4308 508 4368 il
522 4304 644 4368 crearer
657 4307 773 4369 hanno:
787 4307 874 4383 dicet,
887 4309 942 4368 ohe
957 4323 1013 4367 non
1028 4304 1069 4366 mi
1082 4324 1137 4385 par
1149 4307 1222 4369 dere
1235 4326 1321 4371 senso

207 4411 407 4473 conveniente.
