3442 5108
741 313 859 377 -240
880 352 919 365 -

309 515 404 582 Haud
423 515 498 602 jure
521 513 677 579 asseritur
700 509 759 575 sibi
782 528 846 573 non
869 522 1041 572 occurrere
1065 499 1195 585 ubique,

308 643 463 728 Undique,
488 644 606 726 quaet
629 658 761 706 versum
785 640 932 703 vertatur
956 650 1099 715 cunque,
1124 632 1301 715 potensque

308 773 350 837 Et
373 771 473 837 bonus
496 769 582 835 haud
605 768 701 833 rebus
724 785 819 853 parce
843 763 1026 828 insinuatur
1049 757 1195 844 agendis.

309 905 499 969 Innumeros
522 901 676 982 iuxtaque
699 895 819 982 gradus
843 892 953 957 divina
976 893 1120 976 potestas

308 1032 489 1098 Innumeris
513 1030 545 1094 in
568 1026 718 1113 subjectis
742 1022 912 1090 recolenda
934 1019 1078 1100 subibit,

312 1168 428 1244 Qualia
450 1171 526 1232 sunt
549 1163 668 1239 TelluS,
693 1160 759 1241 Sol,
784 1160 877 1224 Luna
900 1161 933 1223 et
955 1153 1094 1238 liquidus
1117 1150 1194 1215 Aer.

310 1293 468 1360 Delioiens
492 1291 612 1356 faciens
635 1293 681 1358 ita
704 1308 768 1355 non
792 1285 942 1352 credetur
965 1283 1006 1349 ab
1030 1282 1108 1364 ullo,

310 1421 345 1488 Si
367 1425 490 1505 quanta
513 1427 563 1487 est
585 1420 696 1505 spacii,
719 1421 747 1483 si
770 1422 891 1502 quanta
914 1416 1059 1502 potentia
1082 1412 1187 1478 inanis

310 1553 360 1620 Ad
384 1552 666 1639 complectendum,
690 1547 944 1633 exaequandum.
970 1543 1209 1630 concipiendum

312 1680 476 1756 Materiae,
502 1679 550 1765 (l)
574 1682 606 1744 et
629 1684 784 1763 quantum
807 1677 885 1762 petit
909 1675 1015 1761 ampla
1040 1674 1185 1760 potentia
1209 1672 1241 1735 in
1271 1669 1340 1755 ipso

311 1807 508 1884 ConsistenS,
533 1807 697 1874 substrata
720 1805 819 1871 modis
842 1804 921 1869 adeo
946 1804 1134 1879 numerosis,
1160 1802 1208 1888 (2)

310 1934 500 2000 Foecundus
524 1935 572 2021 (l
595 1941 722 2002 tantum
746 1936 834 2002 valet
857 1942 948 2003 actus
964 1935 1197 2019 sufficiensque.

310 2062 468 2129 Deficiens
492 2082 654 2147 uunquam
677 2062 826 2145 alliciens,
850 2066 925 2148 quia
947 2065 1102 2131 terminus
1127 2065 1227 2148 ipsum

311 2197 379 2261 Aut
401 2215 480 2281 opus
506 2196 587 2260 illios
611 2199 711 2262 mirae
735 2197 863 2280 signum
888 2198 1051 2279 bonitatis

312 2329 479 2413 Temporis
504 2335 603 2412 atque
621 2328 681 2394 loci
706 2348 862 2412 nusquam
885 2347 1036 2393 mensura
1061 2332 1198 2393 coercet.

315 2457 401 2524 Adde
425 2464 461 2522 ut
485 2464 518 2525 et
541 2460 726 2525 immensum
750 2464 874 2546 quoties
898 2463 1039 2547 intelligo
1056 2462 1104 2550 (4)
1133 2463 1293 2548 templum,

312 2586 439 2652 Nullius
462 2587 592 2654 adversi
616 2592 796 2675 argumenti
821 2592 928 2656 vincla
943 2591 1073 2657 subibo:

313 2712 455 2799 Cogetur
478 2717 584 2799 potius
608 2716 758 2782 confusus
781 2715 871 2782 abire
887 2719 1033 2784 minister

312 2845 485 2927 Stultitiae,
512 2854 603 2916 tauto
627 2851 708 2917 lucis
732 2851 899 2938 splendore
922 2854 1078 2939 repulsus

314 2970 373 3036 Cui
396 2978 515 3038 temere
539 2977 726 3040 immensum
750 2977 892 3061 spacium
916 2996 1093 3062 corpusque
1118 2981 1272 3063 negatum

313 3099 562 3186 Adstruiturque
584 3104 676 3168 sinrul
700 3108 829 3190 gemina
852 3106 907 3172 illa
929 3108 1075 3192 potentia
1099 3106 1231 3185 frustra,

318 3233 360 3298 Et
383 3234 476 3299 nullis
499 3234 625 3302 bonitas
648 3234 800 3321 subjectis
824 3238 1024 3317 insinuanda,

310 3365 354 3427 nt
377 3368 444 3429 tum
467 3384 565 3449 parca
588 3366 647 3442 sui,
671 3385 709 3431 ao
732 3370 799 3432 tam
823 3367 965 3444 sordida,
988 3375 1117 3453 tamque
1141 3375 1285 3436 remissa.

313 3492 505 3559 Immensum
529 3500 647 3561 natura
670 3496 776 3560 sinum
800 3496 927 3579 quando
952 3499 1104 3582 explicat,
1127 3508 1162 3567 ut
1186 3501 1261 3584 quid

310 3622 417 3706 Usque
442 3623 521 3690 adeo
545 3624 700 3693 frustrata
728 3625 824 3711 dolet,
852 3630 1040 3716 sublataque
1063 3638 1156 3699 tanta

314 3750 470 3822 inhausto
492 3756 541 3842 (5)
565 3775 584 3819 a
607 3752 694 3821 fonte
716 3764 767 3825 est
789 3757 970 3831 fundendae
993 3764 1100 3848 gloria
1122 3764 1224 3831 lucis?

298 4022 328 4078 (l)
340 4021 424 4069 Quarta
435 4014 523 4070 virgula
532 4027 613 4061 manca
622 4017 658 4059 nel
670 4023 735 4063 testo.

295 4110 325 4164 (ἲ)
336 4111 422 4158 Quanta
431 4106 519 4162 singola
527 4119 608 4150 manca
622 4108 659 4151 nel
672 4117 738 4163 testo,
749 4122 813 4155 come
824 4124 877 4168 pura
885 4113 910 4159 la
916 4114 1057 4171 precedente.

292 4207 325 4262 (3)
337 4206 353 4248 ll
362 4213 421 4249 testo
432 4205 462 4246 ha
470 4217 514 4248 una
524 4205 611 4260 virgula
617 4206 661 4261 qui,
671 4206 948 4267 ediol·hot01ru,perehe
958 4213 971 4256 il
984 4215 1114 4263 foecundus
1124 4227 1154 4259 vn
1169 4227 1210 4259 con
1221 4224 1294 4261 acius.

296 4299 327 4354 (l)
339 4299 422 4342 lltesto
432 4298 467 4340 ha:
481 4299 596 4351 ineeueqo.
608 4298 625 4341 11
633 4300 705 4344 Bruno
718 4300 768 4345 suel
778 4314 844 4347 usare
854 4302 995 4361 l'ortogralla
1006 4304 1139 4352 lucreziana.

295 4393 327 4449 (5)
336 4393 353 4435 ll
363 4398 421 4437 testo
430 4391 467 4436 ha:
478 4394 507 4437 Iu
521 4394 612 4438 Murio.
