3442 5108
896 377 928 388 -
956 348 1073 405 300-

467 531 650 618 Magnaque
676 538 833 618 quotquot
856 537 931 600 sunt
955 534 1144 601 mundorum
1170 556 1304 622 corpora
1326 537 1455 615 circum,

465 664 548 732 Sunt
571 665 702 732 totidem
726 666 848 752 pariter
871 686 1008 744 sursum,
1035 671 1220 752 pariterque
1251 665 1421 731 deorsum:

467 793 643 859 Caelicolae
666 798 703 861 ut
726 795 816 862 nobis
846 801 922 862 sunt
944 799 976 879 ii,
1001 818 1111 863 sumus
1135 801 1235 884 iisque
1259 802 1413 877 vicissim,

377 1027 387 1036 .
466 926 534 991 Neo
557 924 719 992 definitum
743 930 867 994 cunctis
890 930 1093 1015 reputabitur
1106 931 1166 1021 (1),
1182 953 1281 998 unum

468 1055 632 1121 Nostratis
655 1056 764 1121 mundi
787 1060 813 1122 si
836 1078 955 1144 gyrum
979 1060 1198 1145 concipiemus,

462 1178 575 1242 'Unum
599 1179 628 1242 si
652 1199 797 1264 campum
822 1181 1017 1259 aethereum,
1041 1185 1094 1266 qui
1118 1191 1234 1249 cuneta
1260 1184 1425 1267 perambit.

470 1309 605 1396 Singula
628 1310 740 1376 deinde
763 1314 829 1378 suis
852 1320 889 1382 ut
911 1320 988 1381 snut
1010 1320 1105 1401 atque
1130 1321 1236 1382 omnia
1262 1319 1419 1396 membris,

468 1440 521 1507 Sic
545 1440 683 1507 medium
707 1443 820 1526 cuique
843 1447 892 1510 est
915 1445 1029 1523 imum,
1054 1452 1296 1530 extremumque
1320 1467 1501 1532 supernum,

466 1575 562 1641 Haud
586 1575 681 1643 aliter
706 1575 801 1641 lunae
825 1582 947 1643 certum
974 1583 1024 1644 est
1048 1577 1086 1644 de
1110 1598 1242 1663 corpore
1265 1599 1392 1643 sursum

469 1703 629 1790 Quidquid
650 1710 682 1771 et
705 1712 876 1773 externum
899 1707 1061 1795 subjectus
1084 1713 1210 1795 spectat
1233 1709 1379 1789 horizon,

469 1844 628 1909 Nimirum
651 1844 766 1910 coelum
790 1849 840 1912 est
863 1847 913 1911 cui
937 1845 1055 1912 dicitur
1078 1844 1132 1909 illa
1156 1847 1314 1909 deorsum,

469 1973 609 2039 Proinde
634 1973 724 2041 velut
747 1973 883 2038 medium
908 1975 1015 2038 Tellus
1038 1973 1264 2057 propriumque
1289 1972 1437 2036 deorsum

470 2105 565 2169 Haud
591 2106 694 2170 noscit
718 2107 847 2191 propria
870 2107 1039 2189 quicquam
1063 2105 1100 2169 de
1115 2105 1198 2169 mole
1215 2108 1381 2179 remotum,

468 2233 530 2299 Sed
555 2239 699 2299 centrum
723 2253 858 2309 massae,
873 2233 920 2318 (2)
945 2232 1049 2297 cordis
1074 2231 1273 2316 mediamque
1298 2231 1345 2317 (3)
1362 2238 1545 2303 cavernam,

469 2363 548 2430 Vita
573 2363 656 2429 unde
681 2365 712 2428 in
737 2384 852 2449 corpus
876 2361 1065 2431 diffunditur
1089 2367 1209 2450 optima
1233 2367 1347 2437 toturn,

468 2498 743 2583 Praecipnamque
767 2497 893 2562 animae
916 2496 1023 2561 sedem
1040 2515 1135 2580 quam
1160 2495 1291 2560 credere
1315 2495 1433 2579 possis:

468 2631 521 2697 Sio
546 2630 683 2695 medium
707 2631 801 2696 lunae
826 2635 858 2696 et
881 2632 1009 2715 reliquis
1032 2631 1123 2696 decet
1147 2650 1226 2707 esse,
1253 2628 1336 2714 quod
1361 2647 1469 2692 omnes

469 2758 638 2825 Connectit
661 2765 777 2843 partes
803 2760 833 2823 in
859 2759 941 2843 quod
967 2760 1131 2845 conspirat
1153 2768 1185 2824 et
1208 2778 1301 2822 omne

470 2850 660 2965 Nemorum,
685 2883 767 2968 quod
793 2885 943 2953 refovent
966 2886 1204 2968 animantisque
1229 2885 1367 2969 undique
1391 2884 1487 2949 vires.

469 3017 557 3101 Ergo
584 3016 630 3080 illi
655 3014 827 3091 adsistunt,
851 3013 1049 3080 confluetant
1074 3014 1122 3098 (4)
1148 3013 1285 3098 undique
1302 3014 1342 3078 ad
1359 3013 1457 3077 illum.

469 3141 537 3206 Neo
560 3139 617 3205 tibi
641 3141 684 3206 sit
703 3141 816 3203 mirum
843 3140 925 3223 quod
949 3139 1066 3206 dieitur
1090 3142 1183 3224 inque
1207 3140 1349 3220 remotis
1375 3138 1423 3224 (5)

469 3267 621 3336 Sensibus
645 3267 847 3353 abspiouum;
872 3273 984 3334 nostro
1008 3271 1081 3352 quia
1104 3288 1236 3354 prorsus
1262 3270 1291 3332 in
1318 3267 1393 3333 orbe

470 3401 613 3486 Apparet
636 3399 727 3464 simili
752 3399 784 3462 in
809 3398 990 3464 discrimine
1014 3399 1099 3464 diota
1123 3403 1275 3484 potestas

470 3525 733 3610 Quandoquidem
757 3524 943 3609 antipodum
967 3525 1058 3591 sedes
1084 3528 1186 3612 magis
1211 3525 1312 3590 infera
1336 3523 1426 3588 nobis

452 3740 458 3746 .
483 3660 561 3725 Esse
581 3660 701 3745 nequit,
725 3676 821 3742 quom
845 3677 904 3723 nos
927 3657 1052 3724 inferna
1077 3660 1109 3723 in
1133 3657 1206 3724 sede
1230 3658 1350 3722 locatos

451 3885 483 3940 (1)
495 3887 580 3934 Quanta
590 3886 699 3942 virgulae
708 3886 731 3928 la
739 3892 849 3942 aequente
858 3898 973 3932 mundano
981 3885 1017 3930 nel
1029 3890 1097 3928 testo.

451 3979 483 4034 (Ξ)
494 3981 581 4028 Quanta
591 3979 679 4037 virgula
688 3990 770 4023 manca
780 3991 843 4034 pure.

450 4075 482 4129 (3)
493 4073 510 4117 ll
521 4080 580 4118 tosto
590 4076 625 4119 hu:
639 4077 770 4131 mediaque.

449 4166 481 4220 (4)
495 4168 644 4220 cornuorum
652 4178 690 4214 sta
698 4182 737 4226 per
746 4174 915 4225 confluentiam.

451 4256 482 4310 (5)
494 4258 579 4303 ereata
591 4259 677 4313 virgula
685 4274 766 4305 manca
776 4264 811 4305 nel
821 4270 887 4306 testo:
899 4274 926 4306 co
936 4263 949 4304 l'
959 4262 987 4304 ho
998 4270 1061 4317 prosto
1070 4274 1109 4316 per
1119 4268 1223 4303 starcaro
1237 4262 1334 4301 rororis
1349 4258 1377 4300 da
1394 4261 1515 4300 sannone:
1533 4258 1554 4299 io

425 4345 454 4389 ho
464 4347 536 4391 inleso
545 4350 597 4393 rosi:
610 4354 659 4394 Nec
668 4357 730 4406 qnod
740 4355 829 4398 dicitur
837 4359 868 4397 sir
879 4356 920 4397 ribi
928 4357 1024 4405 anirum,
1035 4362 1056 4395 rr
1067 4355 1202 4406 adspirator
1220 4353 1324 4392 sensibus
1340 4355 1364 4392 iu
1382 4351 1495 4403 (orlatus)
1512 4357 1550 4388 re·

424 4443 499 4484 moris.
511 4441 574 4486 Dore
584 4448 720 4501 nbupicuum
733 4451 745 4492 e
756 4461 812 4492 roco
823 4448 923 4502 roggiata
933 4447 970 4490 dal
980 4449 1054 4491 Brnno
1064 4450 1085 4489 iu
1096 4446 1223 4500 signinam
1234 4443 1375 4486 d'invisibilo.
