3442 5108
369 557 651 648 JORDnni
697 553 897 643 BRUNI
935 548 1190 637 NOLnni

478 791 533 853 ne
565 786 752 852 nerino
785 782 1090 883 nrrnueuso

727 997 846 1007 -.——--

596 1201 856 1298 LIBER
904 1197 981 1291 ΙΙ.

688 1611 830 1678 CAPUT
850 1612 875 1676 1.

248 1845 347 1899 Vulgata
357 1846 467 1888 sementia
479 1851 524 1886 ost:
540 1857 624 1898 porrus
639 1857 699 1886 error
713 1844 733 1885 in
745 1844 859 1900 principio,
868 1856 963 1899 mugnus
977 1844 997 1886 in
1008 1842 1050 1887 fine
1061 1850 1103 1895 est3
1118 1854 1189 1898 parra
1197 1847 1219 1884 et
1230 1839 1320 1882 minima

301 1941 380 1994 qnippe
390 1940 460 1982 omum
475 1947 528 1982 sunt
542 1939 626 1982 semina
640 1945 662 1981 et
672 1938 789 1992 clementa,
806 1940 825 1981 in
840 1940 917 1995 quibne
931 1941 1054 1996 specierum
1066 1946 1113 1983 tota
1123 1951 1180 1995 pone
1194 1937 1320 1981 substantio

301 2030 407 2072 cousinii.

325 2218 468 2278 Occursu
494 2213 655 2299 geminum
678 2213 845 2298 perplexus
869 2211 995 2296 quando
1020 2212 1146 2276 riarum

267 2342 406 2426 ancipiti
431 2350 550 2407 temere
575 2343 746 2409 meditatur
770 2346 873 2408 mente
897 2345 1015 2418 viator,

268 2474 339 2545 Qua
362 2471 421 2535 sibi
444 2473 650 2557 pergendum,
677 2475 730 2538 riu
755 2492 836 2555 quae
860 2471 1020 2557 carpenda
1044 2471 1148 2535 minus
1171 2469 1230 2535 sit:

267 2603 382 2667 Tristis
406 2610 443 2669 ut
466 2606 585 2667 erroris
602 2604 649 2689 (l)
673 2603 730 2667 sibi
755 2607 861 2668 suasio
886 2604 971 2667 nulla
995 2603 1108 2668 relicta
1131 2607 1179 2667 est

266 2734 402 2798 Securus
427 2731 574 2816 graditur
598 2737 696 2798 camin
719 2733 846 2797 silentia
862 2733 909 2817 (2)
934 2736 1078 2816 captane,

267 2858 402 2932 Quando
427 2877 489 2920 non
514 2858 613 2923 mutto
637 2864 694 2923 aut
717 2858 815 2922 nihilo
839 2856 968 2923 differre
991 2861 1151 2933 ridentur.

266 2987 365 3050 Arcte
389 2984 541 3067 principio
566 2985 725 3047 conmmni
750 3004 883 3067 namque
908 2987 1121 3070 propinquant

266 3109 344 3172 Heic
369 3109 485 3172 multas
510 3111 653 3170 centrum
678 3107 845 3171 methodos
869 3106 919 3172 ubi
944 3112 1097 3177 terminat
1122 3131 1230 3186 unum,

262 3238 454 3301 Immensum
477 3256 557 3318 quae
581 3237 816 3319 protenduntur
839 3239 869 3301 in
894 3239 1109 3306 intervallum.

265 3365 326 3430 nst
349 3369 484 3440 tractus,
510 3363 653 3429 atlolento
678 3366 741 3439 rin,
767 3364 949 3432 discrimina
973 3378 1118 3436 crescent

266 3492 388 3555 Sensim
412 3496 444 3555 ot
468 3490 623 3555 sensibilis
647 3490 856 3574 complebitur
880 3494 1015 3579 amplius
1039 3517 1139 3561 error.

266 3618 338 3682 Non
363 3620 456 3684 aliter
478 3622 504 3683 si
528 3618 611 3684 sorte
635 3621 719 3685 inter
743 3621 821 3685 niliil
845 3645 914 3687 esse
938 3625 1074 3708 putabie,

265 3747 349 3813 Num
374 3749 414 3811 sit
437 3748 489 3810 rel
514 3750 640 3814 nonsit
664 3751 832 3834 quicquam
856 3753 938 3834 qnod
962 3757 1105 3840 contegit
1129 3776 1236 3836 omne;

267 3882 312 3945 Ac
335 3881 361 3943 si
385 3880 423 3943 ile
447 3883 575 3963 (putentis
597 3903 635 3946 ca
658 3885 881 3949 controversia
905 3887 1038 3953 multum

265 4011 337 4075 Non
360 4013 461 4095 possit
484 4012 613 4096 sophiae
636 4034 765 4080 cursum
790 4020 929 4096 rariore,
955 4040 1013 4086 nec
1036 4021 1102 4088 hilo

265 4135 427 4203 Selemnos
451 4142 554 4206 metue
579 4140 748 4210 turbentur
771 4146 1008 4234 principiorum:

248 4331 279 4387 (1)
295 4330 311 4374 11
321 4339 378 4375 testo
389 4332 430 4378 hu:
445 4337 543 4379 erorru.

247 4421 275 4477 (2)
289 4422 306 4465 11
316 4431 373 4468 temo
384 4424 424 4467 ha:
440 4428 547 4471 seientia.
