3442 5108
879 345 1058 404 »308-

453 526 541 584 Modo
556 543 627 601 ergo
644 544 783 603 corporeo
806 524 947 584 divinitas
968 526 1110 600 secunda,
1132 526 1289 603 explicata,
1310 543 1455 602 nusquam
1471 529 1543 596 tota,

413 650 619 722 praeterquam
643 644 671 701 in
685 643 798 703 infinito
814 643 912 722 (omne
923 645 998 704 enirn
1014 664 1121 722 eorpus
1136 647 1177 705 ita
1194 651 1239 705 est
1253 646 1426 724 dispersum,
1442 652 1474 705 ut
1497 646 1545 704 ubi

338 752 343 763 ’
412 795 499 836 unam
514 778 628 852 partem
644 773 742 844 habet,
764 771 810 849 (l)
824 772 914 829 aliam
940 771 1049 829 nullam
1066 773 1182 843 babeat,
1196 776 1248 829 aut
1267 771 1373 830 habere
1390 773 1491 848 possit)
1514 771 1546 829 in

415 918 470 959 sua
486 902 602 958 tantum
626 896 820 954 universitate
840 900 871 952 ct
892 893 1043 951 ordinibus
1064 894 1119 950 sub
1135 891 1342 951 immensitatis
1361 892 1546 951 ordinatione

414 1017 684 1078 innumerabilibus:
700 1017 808 1092 ubique
824 1014 1000 1092 principium
1015 1015 1090 1089 quod
1106 1013 1252 1071 eum-tine
1274 1014 1421 1072 concurrit
1444 1014 1547 1073 admit·

415 1143 491 1211 tens,
514 1156 617 1214 nempe
642 1146 775 1196 centrum
798 1138 873 1212 quod
896 1138 932 1194 ad
956 1137 1101 1194 infinitum
1124 1137 1350 1212 circumquaque
1373 1144 1402 1195 et
1418 1138 1453 1195 ad
1470 1139 1546 1212 quod

416 1260 644 1334 circumquaque
665 1258 793 1316 refertur
808 1259 965 1316 infinitum.
982 1259 1045 1316 Hoc
1061 1273 1104 1316 est
1120 1261 1195 1333 quod
1218 1261 1255 1317 ab
1276 1265 1395 1319 aeterno
1408 1280 1425 1319 a
1440 1262 1543 1321 divini-

415 1382 479 1437 tate
496 1378 628 1454 procedit
642 1378 801 1435 secundum
817 1397 881 1437 esso
895 1384 1008 1451 totum,
1029 1386 1062 1438 ut
1077 1379 1209 1438 infinitae
1225 1383 1452 1443 communicatio
1468 1387 1548 1444 boni·

417 1505 500 1572 tatis,
518 1511 602 1562 actus
613 1504 792 1578 effectusque
808 1505 926 1562 divinae
941 1505 1170 1581 omnipotentiae
1186 1513 1335 1581 externus
1355 1512 1441 1569 unica
1463 1512 1545 1570 itlius

418 1629 448 1683 et
464 1609 585 1681 minime
600 1622 832 1698 multiplicabilis
848 1624 955 1698 imago,
972 1623 1087 1682 illustro
1108 1627 1267 1701 specuium,
1289 1626 1429 1706 temptum
1451 1649 1547 1706 augu-

416 1743 586 1816 stissimum,
601 1745 630 1801 in
646 1761 701 1818 quo
723 1744 765 1803 illi
787 1743 1000 1801 concinentium
1023 1744 1142 1803 deorum
1169 1746 1271 1805 laudes
1292 1749 1354 1805 siue
1376 1748 1433 1806 fine
1456 1754 1547 1824 atque

417 1885 539 1927 numero
556 1869 684 1942 undique
700 1873 875 1937 occurrant,
896 1886 988 1942 noque
1009 1869 1180 1945 turpissima
1201 1870 1374 1946 infinitaque
1389 1871 1440 1929 illa
1453 1873 1546 1930 inani·

416 1986 488 2045 tatis
500 1986 640 2061 voragine
653 1985 735 2061 quasi
748 1986 890 2044 torrefiat:
904 1991 934 2043 et
946 1986 1009 2056 hoc,
1022 1985 1050 2042 in
1064 2005 1119 2061 quo
1133 1987 1277 2045 humanus
1290 2008 1345 2045 non
1359 1989 1545 2063 conquiesce·

416 2111 462 2164 ret
476 2105 641 2182 appetstm,
657 2106 759 2182 optimi
775 2106 931 2181 expleatur
945 2107 1034 2178 atque
1050 2106 1169 2164 maximi
1187 2106 1323 2165 voluutas
1339 2107 1398 2166 illa.

455 2225 493 2283 Et
507 2225 573 2300 (per
588 2224 674 2282 tidem
693 2225 836 2301 nostram)
852 2226 875 2282 si
892 2224 1054 2300 perfectum
1067 2230 1111 2283 cst
1127 2228 1201 2300 quod
1219 2226 1385 2285 nonsruitur
1399 2226 1545 2295 adalind,

416 2366 453 2406 an
470 2367 526 2405 non
548 2347 601 2404 tibi
626 2346 756 2415 videbor,
778 2347 926 2404 stantibus
950 2347 1039 2420 lurjus
1061 2345 1239 2405 (lebnitionis
1261 2346 1410 2416 torminis,
1432 2346 1544 2421 aliquid

416 2469 555 2527 universo
572 2467 656 2525 finito
686 2467 844 2543 perfectius
864 2466 1031 2540 imaginari,
1054 2467 1076 2524 si
1096 2467 1143 2524 vel
1158 2485 1265 2541 corpus
1281 2465 1427 2541 imaginor
1452 2468 1552 2543 majus

418 2589 497 2648 sicut
513 2588 554 2647 illi
572 2590 620 2661 qui
637 2603 696 2646 nou
710 2589 847 2644 dcsirrunt
860 2589 999 2662 sphaeras
1015 2585 1088 2643 alias
1103 2595 1191 2662 atque
1208 2589 1281 2644 alias
1294 2589 1482 2664 phantasiam
1498 2608 1548 2646 su·

419 2736 472 2792 per
495 2732 560 2771 eam
579 2733 654 2788 quac
670 2720 774 2772 octava
790 2718 819 2770 et
835 2714 938 2771 uttiura
955 2712 1010 2769 tuit
1032 2711 1195 2779 Aristoteli,
1218 2714 1357 2788 temporis
1371 2712 1547 2787 subjectum3

419 2841 502 2914 cnjus
524 2837 605 2895 nulia
621 2802 735 2893 ratione
750 2834 1010 2900 rnotusouorbitct
1027 2832 1197 2889 intensionis
1215 2833 1449 2906 remissionisque
1462 2823 1548 2906 'signa

420 2964 573 3038 concipiat,
602 2961 714 3031 Mundi,
730 2960 865 3035 inquam,
887 2959 944 3019 crit
966 2957 1177 3031 imaginatione
1197 2957 1356 3032 pcricctior
1378 2957 1549 3031 imaginatio

421 3088 564 3162 trianguli
589 3087 696 3143 mundo
718 3085 941 3161 eircunrscripti;
964 3085 1010 3141 vei
1036 3084 1134 3143 tineae
1162 3084 1344 3158 longitudine
1373 3085 1548 3142 diametrum

423 3206 522 3265 mundi
542 3205 718 3280 superantis,
734 3205 804 3279 quia
819 3205 961 3262 diameter
984 3203 1082 3262 mundi
1100 3202 1200 3261 finitur
1215 3206 1251 3261 ab
1266 3205 1325 3264 itia.
1342 3237 1380 3248 -
1395 3205 1547 3279 Quidquod

424 3330 543 3387 tandem
560 3328 748 3404 perfectionis
762 3327 928 3383 mundanae
944 3342 1049 3383 caussa
1070 3324 1129 3382 erit
1151 3325 1186 3381 ad
1213 3344 1377 3383 convexam
1400 3326 1478 3383 itlius
1500 3345 1551 3382 su·

425 3451 572 3526 perfidem
589 3468 642 3526 per
656 3451 790 3506 accidens
802 3450 979 3507 rcduoibitis:
989 3451 1224 3525 quandoquidem
1235 3453 1336 3510 cadom
1354 3453 1467 3509 ratione
1482 3469 1550 3507 sua-

425 3591 489 3631 rum
520 3572 624 3646 quibus
646 3571 832 3645 componitur
853 3573 990 3648 partium,
1012 3579 1041 3632 ot
1062 3574 1160 3645 sortis,
1184 3594 1241 3649 qua
1263 3576 1356 3633 cidem
1383 3583 1548 3637 extremuni

425 3690 568 3766 contingit
584 3709 647 3749 csse
664 3689 821 3748 torminum
836 3737 843 3761 ,
859 3692 913 3749 hoc
929 3694 1017 3750 habet
1040 3697 1071 3751 ut
1092 3694 1222 3753 universi
1246 3695 1368 3770 perfecti
1389 3697 1550 3771 (quatenus

427 3815 472 3868 est
489 3809 665 3887 perfectum)
680 3828 768 3869 causa
784 3812 850 3871 sict.

456 4057 486 4110 tl)
499 4058 582 4104 Qursta
594 4057 680 4111 virgula
691 4069 770 4098 ruanra
782 4057 816 4098 uel
831 4065 894 4100 testo.
