3442 5108
783 366 962 427 -285÷

344 555 486 621 Quoniam
501 555 641 633 quidquid
655 554 685 613 in
700 555 812 614 infinito
827 557 882 628 est,
896 551 945 632 (l)
959 555 1107 616 infinitum
1128 559 1244 634 oportet
1256 577 1337 633 esso,
1350 559 1376 621 si
1391 580 1429 624 ex

303 691 337 733 eo
352 674 500 734 infinitum
521 674 659 735 constitui
680 674 873 750 intelligatur,
894 693 952 734 non
973 674 1142 735 inconvenit
1162 676 1292 737 infinitos
1314 679 1429 741 intelli·

302 809 373 868 gere
387 794 463 854 soles
478 797 508 852 et
521 792 653 866 tellures,
665 810 703 851 ex
719 793 982 868 quibus,tanquam
998 793 1099 868 primis
1115 794 1144 853 in
1158 796 1287 872 synodos
1303 798 1427 859 mundo·

301 929 366 972 rum
382 913 632 984 concurrentibus,
652 912 830 972 universitas
845 917 891 972 est
904 913 1159 973 innumerabilium
1175 919 1333 989 astrorum,
1355 936 1428 994 quo-

302 1049 365 1092 rum
381 1033 567 1108 propriarum
582 1033 698 1107 singula
708 1033 873 1109 specierum
887 1033 1032 1092 varietate
1047 1039 1246 1108 exornantur,
1273 1041 1305 1097 ut
1319 1042 1349 1098 et
1363 1039 1424 1100 illis

301 1160 355 1219 sub
371 1157 520 1236 speciebus
535 1157 759 1217 innumerabilia
771 1157 977 1217 contineantur
992 1157 1144 1216 individua
1164 1159 1308 1235 singulis:
1330 1160 1372 1220 sio
1395 1165 1426 1222 et

300 1277 445 1336 immensa
458 1280 503 1336 est
516 1280 664 1336 astrorum
679 1277 812 1350 materia,
828 1297 884 1336 non
900 1277 995 1336 minus
1010 1277 1153 1337 immensa
1174 1296 1285 1353 eornm,
1306 1279 1355 1355 qui
1371 1281 1425 1339 sub

302 1402 398 1462 torma
414 1401 501 1477 ignea
515 1419 566 1460 seu
581 1401 659 1474 solis,
676 1419 763 1478 quam
779 1419 878 1460 eorum
893 1400 943 1477 qui
958 1401 1011 1459 sub
1025 1417 1119 1475 aquea
1133 1420 1184 1461 seu
1198 1401 1314 1460 telluris
1329 1445 1337 1472 ‚
1358 1418 1422 1461 sen-

300 1522 380 1581 sibus
395 1519 576 1579 offeruntur:
599 1519 646 1579 ubi
662 1519 730 1579 licet
751 1537 807 1577 non
823 1520 881 1579 sint
901 1519 985 1577 nobis
1008 1520 1175 1594 sensibilia,
1198 1522 1267 1597 quid
1289 1521 1426 1598 probibet

301 1643 456 1720 quominus
473 1642 581 1703 similia
602 1643 739 1702 similiter
758 1661 789 1702 sc
803 1644 940 1702 babentia
960 1643 1112 1721 principia,
1128 1648 1215 1720 atque
1226 1662 1263 1702 ex
1277 1642 1427 1720 principiis

300 1760 460 1819 earundem
477 1759 638 1835 specierum
654 1759 822 1836 composita,
838 1759 981 1818 similibus
1002 1760 1164 1820 rationibus
1186 1765 1289 1820 extent
1302 1759 1427 1820 sensibi-

300 1879 342 1938 lia
358 1879 462 1956 quibus
477 1884 507 1939 et
518 1881 673 1939 efficientia
687 1887 755 1941 sunt
769 1886 857 1958 atque
872 1883 1041 1944 servantia?
1057 1884 1097 1943 Ut
1111 1883 1227 1960 stupido
1247 1882 1426 1959 Peripateti·

301 2016 401 2058 corum
416 1998 569 2077 princeps,
585 2002 668 2076 quasi
690 2007 820 2062 nostrum
836 2024 874 2064 ex
888 2007 944 2064 huo
964 2005 1083 2082 regione
1098 2024 1215 2065 sensum
1232 2007 1361 2084 judicem
1381 2006 1427 2066 sa·

285 2156 286 2160 =
301 2121 382 2182 ciens
399 2128 488 2199 atque
502 2129 722 2196 oausamextra
736 2125 849 2184 eoelum
864 2145 956 2202 neque
970 2128 1075 2200 locum,
1085 2145 1180 2204 neque
1193 2127 1330 2187 sensibile
1345 2128 1425 2206 quip

298 2243 378 2321 piam
397 2263 462 2305 esse
483 2245 595 2322 colligit
610 2245 690 2305 hisce
711 2247 819 2306 verbis.
836 2265 853 2306 ‹<
868 2249 912 2307 Ac
932 2249 956 2306 si
974 2266 1059 2307 omne
1080 2266 1185 2325 corpus
1205 2246 1341 2308 sensibile
1363 2249 1423 2307 vim

298 2364 414 2440 agendi,
427 2363 570 2440 capiendi,
580 2369 609 2422 et
620 2366 703 2440 quasi
718 2365 853 2441 patiendi
869 2367 966 2440 babet,
981 2372 1032 2426 aut
1046 2369 1207 2442 utramquo;
1224 2365 1288 2424 fieri
1303 2383 1361 2423 non
1375 2384 1423 2442 po·

298 2484 358 2541 test
369 2487 403 2542 ut
421 2482 596 2541 immensum
610 2500 716 2559 corpus
730 2483 770 2541 sit
784 2484 928 2543 sensibile:
941 2485 1022 2561 atqui
1037 2485 1136 2543 omnia
1151 2501 1282 2562 corpora,
1299 2499 1374 2560 quae
1395 2483 1424 2541 in

298 2607 361 2667 loco
377 2608 456 2680 sunt,
471 2625 558 2667 seusu
574 2608 775 2686 percipiuntur
790 2610 895 2682 omnia,
910 2627 980 2685 ergo
997 2627 1090 2687 neque
1104 2610 1231 2682 finitum,
1247 2625 1341 2684 neque
1356 2607 1425 2667 infl-

299 2730 393 2788 nitum
415 2746 520 2806 corpus
541 2734 587 2789 est
607 2735 693 2790 extra
714 2731 838 2790 coelum.
860 2751 877 2790 u
900 2732 945 2790 Ita
967 2736 997 2791 et
1017 2749 1071 2808 ego
1092 2747 1165 2807 puer
1186 2729 1229 2788 sic
1250 2728 1322 2788 nibil
1343 2728 1422 2786 ultra

297 2847 461 2908 Vesuvium
476 2847 523 2929 (2)
540 2855 668 2910 montem
690 2868 757 2909 csse
771 2849 879 2909 credidi
893 2895 900 2922 ,
916 2856 948 2909 ut
963 2851 1032 2909 nibil
1047 2895 1054 2922 ,
1069 2851 1143 2926 quod
1160 2849 1213 2909 sub
1238 2864 1352 2906 sensum
1374 2862 1424 2903 oa-

302 2963 395 3035 deret,
416 2964 586 3024 habebatur.

338 3079 448 3140 Infiniti
463 3080 603 3156 quidquid
619 3085 663 3139 est
678 3081 740 3139 sine
754 3080 812 3139 fine
826 3086 858 3139 ut
872 3086 902 3141 et
917 3082 924 3139 i
929 3098 1020 3157 psum:
1041 3082 1096 3139 hoc
1119 3085 1152 3138 ut
1172 3078 1330 3154 intelligas,
1352 3076 1423 3135 illud

298 3221 413 3279 quoque
436 3205 584 3263 sciendum
599 3208 645 3263 est
664 3205 727 3274 tibi,
743 3222 799 3278 quo
821 3220 876 3259 non
898 3202 1055 3260 concludas
1075 3201 1211 3260 tellurem
1226 3200 1310 3269 hanc,
1331 3196 1422 3254 solem

296 3319 382 3389 hunc,
399 3319 446 3377 vel
462 3320 606 3397 synodum
622 3318 668 3396 (3)
683 3323 767 3376 istam
783 3318 967 3393 planetarum
981 3317 1059 3374 circa
1074 3317 1149 3375 hunc
1164 3314 1265 3384 solem,
1279 3318 1308 3372 ct
1320 3330 1423 3386 quam·

296 3455 409 3513 cunque
424 3438 549 3495 similem
565 3438 662 3508 aliam,
678 3440 723 3495 vol
740 3441 884 3512 quotquot
905 3434 1101 3494 numerabiles
1122 3433 1268 3509 accipias,
1293 3448 1357 3488 esse
1378 3430 1424 3487 in·

295 3553 403 3625 finitus,
418 3554 485 3628 quia
500 3557 568 3610 sunt
582 3552 611 3610 in
626 3553 749 3622 infinite,
763 3569 813 3609 scu
829 3550 967 3608 infinitae.
983 3549 1065 3607 Tune
1080 3549 1185 3624 quippo
1200 3554 1339 3622 tanquam
1356 3541 1422 3601 infl-

296 3674 348 3734 niti
364 3673 474 3750 aliquid
490 3677 558 3732 sunt
572 3673 714 3745 habenda,
727 3675 842 3749 quando
854 3674 889 3732 ad
906 3672 1189 3748 incircumscriptum
1203 3674 1233 3729 et
1248 3669 1422 3726 immensum

295 3797 350 3854 sub
363 3795 477 3854 ratione
491 3795 641 3853 indefinita
652 3796 815 3871 cupiuntur.
829 3795 870 3853 Ut
887 3812 957 3853 voro
972 3795 1013 3853 sic
1028 3793 1111 3852 linita
1127 3796 1155 3849 et
1170 3789 1328 3850 terminata
1342 3791 1422 3858 sunt,

296 3913 406 3972 nullum
428 3915 464 3973 ud
486 3914 632 3972 infinitum
654 3913 794 3972 babentia
815 3916 1030 3990 proportionem
1051 3918 1128 3987 sunt,
1150 3919 1328 3988 catonusquo
1350 3909 1423 3970 nihil

295 4039 384 4117 ipsius
396 4035 443 4093 vol
458 4035 486 4092 in
508 4035 569 4110 ipso
581 4051 645 4093 osso
659 4033 871 4109 intelliguntur.
886 4036 934 4094 Sic
949 4037 1102 4097 extensive
1116 4035 1231 4097 infinita
1244 4041 1290 4095 est
1304 4034 1368 4106 lux,
1382 4034 1423 4090 te·

321 4260 352 4313 (ll
364 4259 448 4308 onesta
458 4256 544 4312 rirgou
554 4269 636 4302 urrunsa
643 4257 678 4301 nsl
689 4263 753 4302 testo.

322 4349 352 4404 (2)
363 4349 379 4392 ll
388 4356 446 4392 testo
456 4349 498 4392 ba:
517 4351 652 4394 l'esuntum.

323 4444 352 4498 (3)
364 4442 380 4486 ll
389 4448 448 4487 testo
454 4442 491 4486 ba:
507 4446 623 4497 synodum
635 4449 710 4500 istam,
719 4449 872 4500 planetarum
882 4456 925 4492 otc.
