3442 5108
775 301 936 366 ..50-

293 497 383 574 dum
419 493 573 572 ducatui
599 492 662 570 isti
689 495 822 596 perte
849 491 1043 568 inductum
1071 485 1184 590 atque
1216 484 1419 565 conflrma-

294 624 388 698 tum.
417 622 567 697 Taurus
595 619 817 722 Europaeus
844 620 986 710 vector,
1011 613 1274 709 constantiam,
1289 609 1421 715 gravi-

292 750 436 837 tatem,
464 750 501 822 et
528 746 796 824 maturitatem.
826 744 961 824 Castor
989 746 1101 846 atque
1128 740 1267 820 Pollux
1294 739 1421 817 invio-

295 875 411 953 latam
437 874 478 951 in
506 873 664 951 amando
693 878 732 950 et
758 872 961 949 reamando
989 871 1132 973 legem,
1161 892 1276 972 quam
1296 869 1424 970 justus
1487 896 1493 904 ·

297 1003 410 1103 atque
448 1003 601 1102 gratus,
640 999 679 1076 in
707 998 964 1076 distribuendo
992 1002 1030 1074 et
1056 995 1294 1075 retribuendo
1329 994 1425 1070 Eros

298 1126 416 1229 exigit
443 1152 558 1204 verus
585 1129 623 1202 et
649 1129 825 1202 Anteros.
856 1126 1000 1202 Cancer
1027 1125 1197 1212 ferrem,
1227 1123 1361 1201 ardens
1389 1126 1427 1198 et

297 1253 467 1346 adustuS,
496 1251 632 1329 miram
659 1251 831 1328 laborum
859 1251 1110 1328 tolerantiam.
1139 1251 1216 1327 Leo
1235 1250 1344 1352 cujus
1362 1272 1427 1324 cor

300 1378 420 1455 instar
446 1376 715 1454 inflammantis
744 1376 842 1469 solis,
872 1376 1054 1452 latissimo
1083 1375 1275 1452 radiorum
1303 1373 1429 1449 ordine

303 1503 492 1597 scintillat,
508 1502 799 1579 invictissimum
819 1501 1140 1604 magnanimitatis
1159 1500 1341 1602 vigorem,
1357 1522 1430 1601 quo

302 1628 434 1706 turbas
462 1632 499 1704 et
525 1627 633 1722 bella,
648 1653 697 1705 ne
724 1632 827 1705 mota
854 1653 1064 1729 superares
1081 1635 1280 1730 antequam
1310 1648 1434 1704 move·

303 1758 436 1833 rentur
464 1754 691 1857 oppressisti.
711 1757 884 1849 Astraea,
904 1753 1087 1832 naturalis
1115 1753 1368 1833 continentiae
1396 1755 1434 1828 et

305 1880 488 1960 castitatis
516 1881 716 1982 specimen.
746 1882 870 1975 Libra,
886 1886 1027 1983 quanto
1055 1885 1191 1958 cuncta
1213 1878 1435 1958 moderami·

304 2032 353 2085 ne
380 2013 461 2081 tum
489 2005 528 2080 iu
556 2004 690 2097 aliena,
715 2009 795 2083 tum
823 2007 862 2082 in
890 2007 1040 2109 propria
1069 2031 1228 2107 persona
1256 2004 1435 2109 gesseris.

307 2130 484 2232 Scorpius
513 2136 706 2206 eontracta
733 2133 851 2208 cauda
879 2132 1152 2227 fcnrridolosus,
1182 2137 1294 2235 atque
1323 2131 1435 2209 undi-

308 2283 380 2360 que
408 2281 557 2332 ramosa
584 2257 739 2333 brachia
766 2284 992 2354 recurvam,
1022 2260 1298 2337 fraudolentum
1326 2264 1438 2361 atque

309 2383 550 2460 subdolorum
578 2385 829 2461 temeritatem
857 2389 970 2488 atque
998 2387 1193 2464 audaciam
1223 2413 1336 2490 quam
1374 2411 1437 2461 re-

309 2509 490 2612 pressisti.
507 2509 648 2584 Chiron
678 2512 869 2612 superiore
888 2517 995 2614 parte
1014 2515 1162 2588 tantum
1180 2514 1307 2605 home,
1334 2536 1441 2614 quos-

312 2638 397 2714 dam
427 2662 447 2712 e
475 2636 550 2711 tuis
578 2637 750 2738 populis,
780 2664 872 2739 qum
901 2666 923 2713 a
950 2638 1122 2717 barbarie
1151 2643 1189 2714 et
1217 2638 1364 2715 feritate
1401 2637 1441 2713 in

311 2763 559 2840 humanitatis
587 2788 719 2839 veram
747 2766 908 2865 speciem
937 2765 1107 2858 evexisti,
1146 2763 1440 2867 superplantatis

312 2888 483 2991 pietatis,
513 2889 652 2964 artium
689 2895 801 2989 atque
829 2915 1024 2967 musarum
1054 2891 1197 2967 studiis.
1227 2892 1442 2992 Aegoceros

313 3017 352 3093 in
390 3042 462 3120 quo
491 3017 537 3091 ab
566 3015 694 3091 inferis
722 3017 891 3115 partibus
920 3019 966 3093 ad
995 3042 1157 3119 superna
1185 3016 1274 3093 solis
1308 3041 1443 3093 cursus

313 3141 529 3234 inflectitur,
558 3145 727 3242 apertam
747 3140 1025 3242 ampliationem
1045 3142 1213 3235 dominii,
1234 3147 1346 3244 atque
1366 3167 1447 3219 am·

315 3267 413 3370 plius
442 3266 608 3343 futuram
638 3267 916 3344 exaltationem.
946 3269 1138 3371 Phrygius
1158 3295 1252 3371 puer
1271 3270 1317 3346 de
1336 3268 1443 3346 Jovis

317 3394 477 3472 cellariis
506 3392 572 3470 tibi
600 3396 731 3470 nectar
759 3392 952 3471 effundens
981 3396 1163 3472 rationem
1191 3396 1354 3490 adducit,
1374 3421 1449 3497 qua

317 3521 429 3622 digne
462 3520 595 3596 Musae
623 3520 690 3595 tibi
718 3520 756 3596 in
784 3521 924 3623 templo
953 3521 1075 3598 famae
1095 3522 1275 3599 sacellum
1294 3523 1366 3598 hoc
1386 3546 1449 3597 ex-

319 3645 535 3738 truxerint,
565 3649 694 3747 utpote
730 3670 887 3722 numero
920 3647 1223 3724 beatissimorum
1250 3648 1449 3725 numinum

320 3774 365 3849 de
393 3772 482 3849 vino
512 3775 687 3848 aeternae
716 3772 903 3849 fruitionis
922 3773 1224 3876 participantum,
1246 3774 1447 3875 adscripto.

322 3897 451 3975 Pisces
478 3897 517 3975 in
544 3896 620 3975 alta
648 3897 741 3974 coeli
768 3902 875 4000 parte
904 3899 1119 3992 constituti,
1148 3900 1194 3975 ob
1233 3925 1317 3976 eam
1355 3925 1449 3976 cau-

326 4049 418 4117 sam,
448 4024 536 4126 quia
564 4025 752 4101 Venerem
780 4028 892 4125 atque
919 4024 1038 4101 filium
1066 4026 1303 4128 aTyphonis
1322 4027 1451 4128 gigan·

322 4149 373 4225 tis
412 4148 538 4227 furore
575 4149 794 4242 liberarint,
823 4150 1023 4225 ostendunt
1049 4150 1306 4228 celsitudinem
1343 4157 1449 4229 tuam

326 4275 456 4352 eadem
493 4277 640 4354 ratione
676 4274 847 4354 eoelestis
884 4273 1069 4353 incolatus
1099 4302 1181 4353 esse
1208 4276 1452 4380 participem,
