3442 5108
760 350 937 415 -303-

333 544 413 607 Post
437 562 548 618 unum,
573 548 669 625 atque
692 541 782 618 dum,
803 544 851 627 (l)
882 543 933 607 ubi
957 544 1058 607 solum
1083 552 1116 609 et
1139 543 1270 607 dicimus
1294 541 1414 621 antimo,

334 677 503 760 Coepimus
528 696 547 738 a
571 676 671 738 ternis
697 695 806 739 omnes
830 684 862 741 et
885 677 988 740 (licere
1012 683 1154 740 cunctos.

375 803 498 867 Siccine
522 802 731 887 Pythagoras
756 813 950 880 numerator,
975 804 1198 886 gesticulotrix

335 929 466 993 Teclmo
492 929 705 1009 sacerdotum,
728 937 912 996 sanctorum
935 934 1069 1010 somnia,
1095 952 1230 1016 graecae

333 1063 566 1128 Grammaticos
590 1085 740 1132 numerus
764 1064 894 1149 triplex,
917 1065 1071 1130 dimensio
1095 1067 1190 1145 trina,

329 1190 511 1256 Perfectum
535 1199 571 1257 ut
595 1194 700 1277 capiat
723 1192 885 1266 mundum,
912 1212 1101 1257 succurrere
1124 1202 1257 1276 possunt

332 1318 414 1382 Huic
439 1318 598 1404 Physico!
623 1321 770 1396 Oratio,
796 1322 973 1405 logicorum
998 1324 1125 1405 ingrata
1151 1323 1285 1405 parenti,

330 1448 390 1521 Qui
419 1449 527 1514 docuit
553 1451 638 1515 veris
662 1452 862 1534 propriisque
885 1450 1055 1515 ostendere
1081 1452 1216 1517 verum!

327 1577 420 1642 Nunc
443 1598 524 1660 quem
549 1599 612 1642 non
637 1585 765 1662 caperet
788 1580 872 1643 sicco
897 1599 955 1664 pro
980 1579 1121 1644 themate
1146 1578 1258 1643 rethor

327 1708 479 1784 Suanens,
505 1715 601 1793 utque
626 1712 718 1775 nimis
742 1714 853 1778 temnit
872 1712 984 1798 jejuno
1007 1721 1113 1797 poeto,

325 1830 369 1897 Ut
392 1832 544 1896 mundum
570 1833 617 1918 (ι)
642 1840 768 1917 promat
792 1833 979 1920 perlectum,
1004 1837 1132 1919 colligit.
1161 1838 1204 1903 nt
1225 1839 1291 1921 qui,
1320 1912 1321 1916 Ἰ

326 1964 353 2028 O
377 1964 467 2039 bone,
492 1965 575 2049 quod
599 1985 723 2050 corpur,
748 1968 821 2049 quia
846 1966 964 2050 triplex
982 1968 1136 2031 terminus
1156 1967 1213 2042 illi,

323 2101 392 2167 Nec
414 2099 485 2168 fluit
509 2103 540 2165 in
565 2101 731 2184 reliquum,
755 2120 837 2183 quae
861 2120 924 2163 non
951 2098 1090 2183 perlecta
1114 2099 1263 2183 probabit

323 2231 523 2316 Frogmina?
548 2232 638 2305 Quae
663 2232 711 2316 (3)
737 2231 872 2315 propriis
888 2228 1085 2294 clauduntur
1099 2228 1147 2314 (l)
1165 2227 1290 2306 nilons,
1307 2236 1405 2315 atque

325 2359 376 2424 Nil
401 2359 556 2443 reliquum
581 2360 765 2434 admittunt,
790 2378 852 2442 quo
877 2356 1083 2442 perficiantur
1106 2357 1239 2423 aliunde.

322 2489 498 2554 Testontur
521 2509 645 2573 quoque
669 2510 702 2552 se
727 2488 865 2572 perlecta
882 2487 1043 2560 annualia,
1069 2487 1209 2570 plantae,
1235 2491 1268 2551 et

320 2622 466 2686 Membra
490 2644 547 2687 suo
574 2623 604 2685 in
618 2641 741 2705 genere,
760 2625 795 2684 ut
812 2618 886 2684 dens
902 2620 960 2701 (5),
979 2638 1089 2689 cornu,
1104 2618 1196 2702 pilus,
1219 2625 1251 2684 et
1269 2619 1396 2702 unguis,

321 2752 354 2816 Si
378 2772 455 2816 vero
481 2751 587 2816 mumli
610 2749 763 2836 perfectio
788 2749 917 2814 devenit
933 2747 1016 2821 inde,

322 2881 425 2963 Qnoil,
451 2884 550 2948 veluti
575 2903 690 2967 corpus
715 2886 883 2965 quantum,
911 2880 957 2961 (6)
983 2901 1045 2945 non
1071 2881 1172 2948 tendit
1197 2881 1235 2945 ml
1266 2881 1363 2944 ullum

320 3013 423 3088 lfltra,
441 3035 497 3079 ceu
521 3020 672 3099 punctum
699 3017 729 3078 in
755 3014 839 3078 filum
864 3035 897 3078 se
914 3011 1042 3077 flumine
1059 3013 1173 3088 tendit,

319 3144 450 3226 Hocque
473 3142 674 3231 snperliciem
699 3141 787 3207 fluxu
813 3145 909 3227 genit,
937 3143 1061 3226 istaque
1078 3158 1215 3229 corpus;

317 3268 369 3338 Sic
394 3274 466 3338 ilum
491 3280 626 3340 naturae
651 3274 760 3340 finitur
783 3294 915 3358 corpore
939 3295 1064 3359 corpus,

316 3403 353 3466 ln
379 3403 534 3487 reliquum
560 3402 695 3467 muudus
720 3422 782 3466 non
809 3401 906 3465 ullum
932 3421 1048 3485 corpus
1072 3401 1184 3477 obibit,

317 3532 359 3600 lt‘t
381 3540 488 3599 terrae
506 3536 554 3619 (7)
579 3535 619 3598 ml
645 3534 792 3618 lymphas
817 3532 1012 3609 reseruntur,
1031 3533 1070 3598 acl
1088 3556 1164 3598 uera
1188 3535 1353 3620 lp'ruplmo.

316 3661 481 3728 Cluurlicat
506 3663 584 3727 liaeo
609 3664 700 3735 ratio,
726 3662 878 3745 siquidem
903 3682 1025 3746 quoque
1050 3666 1194 3730 constitit
1218 3665 1307 3739 illul,

298 3869 328 3924 (lt
338 3870 421 3918 onoma
431 3870 520 3924 rirgolu
530 3883 612 3914 manco
621 3869 657 3914 uel
668 3878 733 3916 testo,
745 3883 756 3908 r
767 3869 787 3910 c'
796 3871 816 3924 l,
828 3870 914 3921 invoco,
927 3869 985 3926 ‹lopo
995 3874 1078 3913 solano.

296 3965 325 4013 l'·'l
340 3963 355 4004 ll
366 3971 424 4005 mmo
434 3963 462 4005 lm
472 3976 476 4004 :
490 3966 620 4007 nnouclum.

297 4058 328 4109 (3)
341 4057 356 4099 ll
369 4064 426 4100 torto
436 4058 472 4099 lin:
485 4071 537 4112 quo.

297 4155 327 4205 (n
340 4155 355 4196 ll
365 4163 421 4197 leuto
432 4157 470 4197 lm:
482 4160 640 4202 romonum:

295 4247 325 4296 (5]
338 4246 352 4287 ll
361 4255 418 4289 unio
429 4249 463 4290 liu:
475 4251 512 4290 ulex

295 4337 325 4392 (ὓ)
339 4338 354 4379 ll
365 4347 423 4383 testo
433 4356 475 4383 non
486 4344 514 4385 lm
524 4354 602 4400 ‹pnmo
614 4345 708 4401 rupelo,
719 4351 744 4391 ut
754 4347 773 4390 lo
786 4347 926 4404 procedente.

296 4436 326 4485 (7,
337 4434 351 4476 ll
362 4444 420 4479 runo
431 4438 465 4478 lm:
478 4445 550 4481 terro.
