3442 5108
867 303 1034 368 ..98-

386 503 597 591 obscurum,
617 524 733 599 grave
755 502 1049 574 converteretur.
1065 500 1257 574 Adversus
1276 498 1369 575 istos
1384 500 1507 575 ortho-

382 625 481 700 doxa
507 623 756 724 intelligentia
779 623 1039 715 examinatae,
1069 623 1155 724 quid
1185 623 1339 699 rationis
1368 625 1505 700 lrabeat

382 749 601 828 Aristoteles
638 775 712 826 non
740 748 920 849 conjicio⁵
959 749 1022 822 sed
1055 773 1140 823 cum
1169 749 1322 849 gravior
1359 752 1505 827 occasio

382 877 551 968 dabitur,
582 875 627 952 ad
655 875 822 977 singulas
854 872 1102 950 aristotelicae
1122 875 1340 951 vinvectivae
1382 882 1506 977 partes

383 999 699 1102 respondebimus.

848 1148 967 1201 narro.
991 1149 1039 1200 rr.

435 1378 496 1454 Ex
524 1401 567 1454 eo
597 1376 693 1478 quod
722 1375 964 1452 Parmenides
984 1374 1079 1450 dixit
1107 1397 1223 1450 unum
1248 1371 1409 1473 undique
1439 1369 1508 1445 sibi

382 1502 558 1604 aequale,
583 1508 695 1605 atque
715 1500 964 1603 sphaericum,
985 1504 1022 1576 et
1041 1499 1214 1576 Melissus
1234 1522 1352 1573 uuum
1372 1495 1508 1572 asserit

383 1631 582 1722 infinitum,
601 1630 755 1707 minime
774 1627 1018 1704 contradictio
1034 1626 1203 1728 sequitur
1216 1624 1314 1700 inter
1332 1623 1429 1702 illos.
1446 1623 1508 1698 sed

382 1758 506 1860 potius
534 1758 628 1834 alter
657 1757 817 1833 alterum
847 1755 1009 1857 exponit.

858 2029 980 2081 RATIO.
1031 2057 1034 2060 ·

438 2256 546 2340 Quod
575 2258 630 2331 est
657 2253 805 2330 finitum
837 2280 913 2332 non
942 2261 999 2333 est
1028 2255 1164 2356 ubique
1190 2251 1365 2355 aequale,
1395 2253 1458 2328 sed
1487 2280 1510 2329 a

385 2386 513 2460 centro
551 2381 753 2456 duntaxat:
788 2382 885 2482 quod
923 2382 953 2457 si
991 2381 1197 2483 aequalitas
1231 2407 1253 2455 a
1289 2380 1408 2455 centri
1435 2405 1510 2454 uon

387 2507 580 2585 differente
603 2506 778 2582 distantia
804 2507 865 2584 vel
893 2507 1180 2609 aequidistantia
1208 2506 1392 2582 rationem
1421 2506 1511 2581 obti-

385 2637 469 2725 not,
490 2631 651 2733 undique
670 2633 824 2732 aequale
843 2623 933 2708 illud
953 2632 1185 2709 solummodo
1205 2633 1277 2707 erit
1294 2689 1302 2722 ,
1318 2631 1414 2731 quod
1435 2631 1512 2706 ulii-

386 2762 464 2861 que'
478 2764 648 2834 centrum
664 2758 788 2836 babet.
805 2762 934 2861 estque
954 2785 1000 2834 ex
1020 2757 1120 2834 omni
1135 2761 1240 2858 parte
1259 2756 1509 2858 sphaericum.

386 2886 492 2963 Sicut
514 2886 625 2985 juxta
653 2883 923 2984 intelligibilem
952 2885 1102 2960 modum
1132 2890 1188 2959 ost
1215 2883 1253 2957 in
1280 2883 1372 2974 Deo,
1392 2884 1430 2956 iu
1449 2907 1513 2956 na-

385 3019 485 3105 tura,
503 3013 541 3087 in
557 3011 720 3086 universi
736 3009 793 3113 (l)
809 3036 882 3087 una
897 3011 1116 3105 substantia,
1127 3013 1312 3112 juxtaque
1329 3009 1512 3086 rationem

386 3136 574 3238 propriam
604 3135 642 3210 in
670 3135 742 3211 lroo
763 3136 925 3211 sensibili
955 3136 1132 3216 umverso
1152 3135 1362 3236 conjicitur,
1383 3134 1420 3207 in
1440 3159 1512 3234 quo
1603 3169 1606 3173 ¹

387 3263 489 3339 nulla
509 3262 628 3349 stella,
648 3262 772 3338 nullus
792 3265 968 3349 mundus,
989 3264 1113 3339 nullus
1135 3264 1233 3339 orbis
1254 3263 1290 3337 in
1311 3263 1512 3337 circumle-

386 3390 509 3466 rentia
536 3389 671 3464 dicitur
700 3388 820 3481 alteri,
850 3391 912 3491 qui
933 3390 1001 3465 sibi
1028 3414 1103 3466 non
1132 3390 1179 3466 sit
1206 3390 1406 3480 incontra,
1428 3389 1513 3491 qiua

387 3516 548 3618 undique
585 3515 622 3590 in
655 3515 830 3591 universo
869 3516 1032 3618 aequalis
1064 3517 1226 3593 habetur
1259 3516 1305 3592 ad
1334 3540 1513 3615 inagnum

386 3666 618 3745 parvumque
638 3640 866 3718 horizontem
887 3648 1091 3744 respectus,
1113 3644 1302 3724 Infinitum
1331 3642 1447 3741 igitur
1466 3643 1514 3717 sit

387 3774 546 3871 oportet.
567 3768 663 3869 quod
684 3769 845 3869 undique
864 3768 1019 3871 aequale
1038 3795 1118 3846 esse
1137 3770 1281 3846 debeat.

426 4077 473 4154 (l)
494 4076 518 4137 ll
539 4074 662 4136 Gsrbrer
681 4095 842 4154 cirregge:
864 4080 897 4137 in
913 4080 1082 4137 uniberto:
1104 4097 1160 4138 nou
1181 4079 1266 4150 bene,
1292 4078 1397 4155 perebo
1419 4079 1467 4153 qui
1494 4078 1515 4136 il

387 4175 487 4233 Brimo
507 4175 591 4251 parla
612 4177 689 4235 della
710 4176 840 4235 sfericira
861 4176 1056 4248 dell'icfinito,
1072 4196 1129 4237 non
1144 4178 1193 4254 gia
1207 4176 1364 4238 dell'unica
1378 4183 1515 4237 sostanza

388 4290 512 4332 comune
533 4292 551 4332 a
572 4275 636 4346 Dio,
658 4275 717 4334 alla
739 4281 856 4348 natura,
877 4273 1078 4336 all'unirerso.
