3442 5108
807 326 980 385 ,224-

321 516 415 593 ligens
435 515 586 576 stellarum
607 515 734 574 fixarum
755 513 960 581 advectricem,
982 510 1052 571 dicit
1073 510 1145 571 illud
1168 527 1232 571 esse
1252 509 1282 570 in
1303 511 1368 570 loeo
1388 527 1445 588 per

320 633 553 705 accidens‚idest‚
568 649 618 707 per
628 630 810 709 superficiem
825 628 934 704 proprii
945 627 1261 704 corporis'convexam‚
1272 643 1331 702 qua
1345 626 1444 702 septi·

319 775 416 830 mam,
436 756 532 827 idest,
553 753 674 813 Saturni
695 754 850 829 sphaeram
870 747 1039 808 immediate
1063 749 1211 820 eontinet,
1236 747 1365 806 medium
1389 765 1442 806 re-

319 873 404 951 spicit
416 872 555 933 universi.
571 872 628 930 Sed
636 872 726 931 istum
739 874 832 947 primo
854 869 956 928 eadem
977 869 1099 942 ratione,
1115 886 1172 944 qua
1187 867 1365 940 Gilbertnm‚
1384 885 1442 928 ex·

317 997 487 1070 sibilabunt,
508 996 653 1072 quianon
675 996 770 1055 minus
790 996 862 1055 haee
882 994 1052 1071 superficies
1079 1010 1208 1052 concava
1236 991 1351 1052 mobilis
1379 1000 1442 1067 est,

317 1138 404 1196 quam
418 1119 468 1178 illa
481 1137 623 1178 convexa.
644 1120 826 1196 Proindeqne
840 1122 895 1180 hoc
916 1125 960 1179 est
974 1120 1096 1179 delinire
1120 1119 1218 1180 locum
1239 1120 1437 1180 secundorum

316 1234 481 1310 mobilium,
505 1257 562 1298 non
583 1237 669 1311 primi
689 1244 719 1299 et
741 1240 889 1312 universi,
908 1239 962 1299 nisi
984 1244 1119 1300 recurrat
1141 1241 1178 1300 ad
1200 1240 1280 1299 illius
1302 1240 1438 1318 proposi-

314 1359 403 1419 tionis
424 1358 515 1437 (quod
537 1357 586 1417 uni
606 1362 651 1417 est
672 1376 724 1434 per
744 1377 775 1418 se
796 1360 935 1436 quidquid
955 1360 1041 1420 alteri
1063 1379 1114 1438 per
1127 1361 1262 1421 accidens
1283 1360 1341 1440 cst)
1362 1379 1438 1419 con-

317 1477 476 1550 versivam,
497 1481 527 1537 et
548 1495 604 1535 non
626 1477 840 1550 exsibilabitur‚
861 1478 910 1537 sed
932 1496 984 1555 per
995 1483 1194 1555 contemptum
1207 1480 1389 1556 relinquetur
1403 1479 1435 1537 in

313 1615 393 1674 pace.
416 1597 565 1656 Averroes
596 1598 638 1655 ait
658 1615 744 1656 omno
764 1614 869 1674 corpus
897 1601 1065 1658 contentum
1087 1618 1151 1658 esse
1172 1599 1201 1657 in
1222 1598 1286 1659 loco
1310 1617 1363 1678 per
1392 1618 1437 1673 se,

311 1718 406 1791 idest,
423 1719 513 1794 juxta
535 1736 635 1777 veram
656 1719 744 1777 locati
765 1723 794 1777 et
815 1718 956 1778 directam
984 1719 1200 1794 definitionem,
1228 1739 1334 1797 nempe
1355 1720 1434 1797 quod

311 1836 465 1913 superficie
487 1837 616 1914 corporis
637 1836 810 1896 continentis
824 1840 869 1896 est
882 1836 1076 1913 complexum.
1097 1838 1275 1898 Universum
1298 1837 1435 1909 venojsi-

311 1968 361 2022 cut
382 1967 411 2021 et
431 1961 567 2020 ultimum
588 1962 710 2033 coelum,
731 1966 778 2020 est
790 1961 820 2018 in
841 1962 904 2019 loco
926 1978 977 2039 per
991 1961 1136 2034 accidens,
1151 1979 1255 2039 nempe
1266 1980 1323 2020 non
1335 1979 1388 2039 per
1402 1961 1433 2020 id

310 2083 387 2159 quod
407 2088 453 2142 est
473 2087 569 2154 extra,
581 2082 631 2141 sed
653 2098 705 2158 per
725 2080 754 2138 id
776 2081 853 2156 quod
874 2085 918 2139 cst
939 2081 1032 2141 intra:
1052 2081 1150 2157 sicque
1164 2082 1313 2142 concurrit
1326 2089 1432 2159 aperto

308 2221 375 2262 cum
396 2204 564 2280 Avempace
576 2208 607 2262 et
627 2200 798 2273 Themisto,
820 2201 921 2261 volens
936 2201 1049 2260 eoelum
1065 2202 1155 2278 juxta
1176 2202 1296 2264 tertiam
1315 2202 1432 2279 signifi-

307 2324 451 2383 cationem
472 2324 638 2384 immediate
659 2341 724 2382 esse
743 2324 774 2382 in
793 2322 857 2382 loco
878 2341 930 2399 per
950 2324 1136 2400 superficiem
1152 2329 1314 2384 extremam
1336 2321 1430 2383 totius

308 2443 383 2516 quod
405 2440 617 2519 complectitur:
632 2440 758 2499 mediate
773 2458 843 2500 vero
857 2460 910 2517 per
923 2446 1054 2500 centrum
1069 2441 1206 2500 universi.
1218 2440 1339 2499 Coelum
1354 2459 1426 2501 vcro

302 2566 392 2643 juxta
413 2567 538 2644 primam
569 2567 809 2642 significationem
835 2567 864 2624 in
884 2567 948 2627 loco
978 2567 1120 2626 immobili
1140 2572 1171 2625 et
1190 2566 1428 2628 constantissimo

306 2702 370 2743 esse
397 2684 535 2760 intelligit
555 2684 585 2741 in
600 2683 690 2744 totius
711 2685 835 2758 centro,
859 2685 896 2742 ad
918 2685 994 2760 quod
1015 2685 1174 2744 secundum
1201 2690 1301 2762 partes
1326 2704 1426 2745 omnes

304 2805 436 2885 respicit,
456 2809 536 2867 etin
556 2826 614 2883 quo
635 2807 724 2866 habet
743 2807 892 2866 fixionem.
917 2807 1046 2864 Thomas
1067 2806 1132 2864 vult
1153 2807 1288 2866 ultimum
1311 2808 1425 2867 coelum

304 2944 361 2983 non
385 2943 447 2985 esse
468 2927 498 2985 in
519 2927 582 2985 loco
604 2944 656 3003 per
675 2945 716 2998 so,
737 2926 822 2999 idest,
837 2945 889 3002 per
909 2933 1062 2987 externam
1071 2929 1256 3004 superficiem
1271 2931 1425 2991 coutinen-

303 3040 360 3113 tia,
383 3061 476 3118 neque
499 3061 552 3119 per
575 3043 729 3115 accidens,
749 3043 825 3102 idest
845 3060 896 3119 per
916 3044 1060 3103 internam
1085 3048 1214 3107 contenti
1236 3050 1423 3126 superficiem

301 3160 478 3234 immediate,
504 3168 533 3221 et
554 3147 607 3239 per
626 3169 758 3223 centrum
778 3164 867 3224 totius
888 3167 1023 3225 mediate.
1047 3165 1188 3228 Similiter
1210 3189 1304 3246 neque
1324 3172 1419 3248 ipsum

300 3282 468 3341 universum
490 3281 555 3340 vult
576 3301 628 3358 per
647 3282 780 3341 accidens
802 3300 864 3342 esse
884 3284 912 3343 in
934 3285 1008 3356 loco,
1021 3285 1105 3359 idest,
1121 3307 1171 3364 por
1185 3293 1327 3349 centrum:
1344 3290 1422 3352 forte

299 3399 367 3475 quia
387 3402 520 3457 centrum
534 3417 590 3457 non
605 3397 846 3457 lrabetrationem
868 3401 1041 3474 quantitatis
1061 3405 1227 3479 continuae,
1243 3403 1308 3464 idco
1326 3426 1421 3484 neque

298 3536 411 3594 perse,
433 3537 525 3595 neque
546 3536 599 3596 per
618 3518 761 3590 accidens,
782 3536 874 3594 neque
895 3520 1053 3578 seeundum
1075 3538 1176 3595 genus,
1200 3542 1293 3599 neque
1318 3544 1420 3585 secun·

296 3635 366 3694 dum
386 3637 510 3713 speeiem
525 3639 697 3712 potestesse
718 3635 809 3709 locus;
822 3636 872 3693 sed
894 3636 989 3712 potius
1010 3638 1100 3697 habet
1114 3639 1224 3715 aliquid
1245 3661 1311 3700 cum
1333 3663 1419 3721 prae-

296 3755 459 3813 dicamento
473 3755 531 3827 ubi,
546 3759 574 3815 et
595 3755 704 3830 aliquid
722 3773 848 3826 rursum,
864 3756 1014 3816 reductive
1038 3763 1146 3833 tamen,
1163 3765 1313 3840 (proprius
1330 3786 1419 3842 qnam

294 3880 427 3932 centrum
438 3874 474 3931 ad
491 3873 684 3949 quantitatem
698 3873 864 3931 continuam
878 3870 940 3954 (1))
960 3874 996 3932 ad
1008 3875 1107 3935 situm:
1122 3881 1172 3938 sed
1185 3885 1231 3938 est
1247 3883 1276 3939 in
1289 3882 1352 3941 loco
1364 3904 1419 3961 per

293 3992 436 4064 accidens,
447 3993 531 4065 idest,
540 4009 592 4068 per
611 4009 660 4052 eas
681 3993 785 4068 quibus
806 3996 1002 4069 continuatur,
1018 3999 1193 4074 integratur,
1205 4008 1235 4062 et
1256 4024 1331 4080 quas
1345 4026 1416 4065 con-

293 4109 367 4169 tinet
380 4112 499 4186 parteis‚
517 4116 660 4187 quatenus
675 4111 883 4173 divisibilitatis
904 4118 1016 4177 ratione
1037 4122 1149 4180 suntin
1164 4123 1229 4183 loco
1246 4130 1416 4202 potentiali·

292 4229 347 4299 ter,
362 4245 485 4302 quarum
506 4230 576 4288 data
592 4248 645 4306 per
658 4229 804 4307 possibile,
819 4232 865 4290 vel
888 4233 1074 4313 impossibile,
1089 4242 1135 4321 (2)
1150 4243 1303 4322 divisione,
1315 4256 1417 4312 essent

319 4394 351 4450 (l)
363 4394 447 4439 lltesto
457 4395 492 4440 ha:
503 4401 622 4442 continuo.

318 4485 348 4543 (2)
359 4487 443 4537 onesta
451 4487 541 4544 ungula
550 4501 632 4535 macca
640 4489 676 4535 nel
686 4497 753 4536 usto.
