3442 5108
775 296 936 359 ,80-

293 485 553 580 substantiam,
582 485 795 578 essentiam,
823 489 1012 561 naturam:
1027 509 1075 561 an
1090 484 1215 588 potius
1235 484 1311 562 sint
1328 511 1417 588 quo-

293 610 454 687 rundam
481 611 752 689 Scoticolarum
780 635 903 702 voces,
933 614 1045 713 atque
1078 610 1256 688 similium
1284 611 1417 689 cucul-

293 737 475 817 latorumr
504 738 592 815 dum
620 738 746 814 uerius
774 737 1015 840 Peripatetici
1043 736 1181 826 dicant,
1200 761 1270 814 neo
1290 738 1335 815 de
1354 736 1419 814 So·

295 867 419 959 crate,
446 889 516 941 nec
544 864 588 940 de
615 862 798 958 Platone,
825 889 896 941 neo
923 864 968 941 de
994 864 1102 960 Jove,
1130 890 1252 967 neque
1280 865 1326 941 de
1352 865 1419 942 ho·

295 989 407 1077 mine,
436 1011 556 1090 neque
584 989 629 1065 de
656 989 739 1082 diis,
768 988 868 1065 aliud
897 1014 977 1066 esse
1004 993 1266 1093 praeterquam
1294 986 1418 1067 histo-

295 1116 402 1194 riam:
431 1116 496 1192 sed
522 1117 568 1192 de
595 1121 730 1193 natura
755 1116 932 1210 hominis,
960 1117 1077 1220 deque
1095 1119 1232 1193 natura
1250 1117 1418 1210 deorum,

296 1239 345 1345 (si
372 1265 445 1342 qua
472 1241 568 1317 forte
597 1241 693 1343 apud
721 1237 807 1345 nos)
842 1246 1024 1343 tanquam
1062 1242 1107 1319 de
1145 1241 1418 1319 universalibus

297 1366 453 1443 scientia
470 1367 617 1444 dicitur.
638 1366 904 1445 Consideretur
918 1393 966 1444 au
984 1367 1324 1470 Peripateticorum
1343 1391 1421 1445 mo·

297 1517 351 1586 re,
379 1493 558 1570 scientiae
586 1493 910 1595 significationem,
938 1517 1005 1595 per
1032 1493 1301 1587 communiter,
1336 1517 1421 1597 pro·

298 1620 391 1724 prie,
420 1625 458 1697 et
484 1620 752 1723 propriissime,
780 1612 828 1697 an
856 1619 1219 1723 captiunculatorum
1247 1644 1352 1697 more
1371 1618 1423 1695 di-

299 1746 491 1850 stinguere
520 1751 780 1825 consuescant.
800 1747 863 1824 Sio
881 1747 935 1824 illi
954 1747 999 1823 de
1018 1746 1150 1839 soce-is,
1179 1747 1223 1823 de
1243 1743 1424 1824 cicatrici·

298 1872 381 1967 bus,
401 1872 445 1949 de
464 1873 657 1976 preputiis:
673 1872 920 1951 Granrrnatioi
939 1876 1041 1949 recte
1061 1870 1342 1975 diphtongandi,
1362 1894 1421 1947 ao·

301 1996 514 2083 centuandi,
538 2000 575 2072 et
593 1995 834 2099 punctuandi:
855 2020 1042 2097 caupones
1062 1992 1121 2099 (1)
1136 1999 1237 2071 recte
1267 2017 1425 2096 coquen-

301 2121 350 2215 di,
366 2125 479 2223 atque
498 2120 698 2225 sophistice
726 2120 946 2223 propinandi
966 2119 1163 2197 scientiam
1186 2119 1327 2196 dicunt.
1346 2117 1425 2195 Nec

301 2243 425 2323 minus
454 2270 636 2349 agasones
664 2245 809 2323 bestiae
836 2251 940 2322 recta
959 2246 1111 2323 domum
1125 2244 1296 2322 redeunti
1310 2243 1427 2321 scien·

298 2369 395 2449 tiam
422 2370 586 2450 tribuere
614 2374 782 2474 possunt.
811 2372 1037 2473 Perpendite
1064 2397 1115 2448 an
1136 2373 1250 2474 juxta
1267 2369 1428 2472 philoso-

302 2495 464 2598 phorum
490 2497 700 2600 principum
728 2496 1037 2574 consuetudinem
1074 2496 1348 2600 distinguentes
1376 2495 1427 2572 di-

304 2622 404 2695 cant:
442 2621 666 2721 particulare
698 2626 736 2697 et
769 2619 903 2698 mobile
935 2645 1011 2697 non
1038 2620 1170 2722 primo,
1200 2645 1274 2698 non
1301 2619 1428 2697 imme

306 2745 417 2838 diate,
438 2746 503 2823 sed
524 2747 695 2842 mediate,
726 2750 836 2849 atque
873 2747 1036 2824 secundo
1068 2746 1246 2823 scientiae
1282 2745 1427 2848 subjici3

305 2895 392 2948 cum
407 2872 522 2974 ipsius
543 2873 754 2949 Aristotelis
778 2874 947 2975 vestigiis
967 2874 1181 2951 insistentes
1200 2873 1431 2951 animadver·
1509 2892 1514 2899 '

302 3002 387 3076 tere
402 2997 571 3085 debeant,
582 2997 639 3103 (⁶2)
650 2999 833 3094 sensibile,
853 3000 999 3093 mobile,
1015 2998 1252 3102 particulare,
1272 3025 1341 3077 nec
1359 2998 1432 3102 pri-

306 3149 381 3218 mo,
400 3149 469 3201 nec
497 3123 670 3218 secundo,
690 3149 759 3204 nec
787 3126 972 3221 mediate,
1001 3151 1070 3203 neo
1097 3125 1335 3218 immediate,
1363 3149 1432 3203 neo

308 3275 375 3352 per
402 3275 454 3344 se,
468 3275 538 3326 nec
565 3275 633 3351 per
647 3250 828 3344 accidens,
853 3276 933 3328 esse
951 3276 1060 3353 posse
1087 3250 1265 3327 scientiae
1293 3252 1434 3354 subjec-

308 3377 420 3460 tum,
448 3372 759 3474 quemadmodum
787 3376 885 3476 quod
912 3382 969 3451 est
995 3400 1062 3477 per
1089 3400 1128 3450 se
1166 3372 1358 3467 sensibile,
1386 3398 1434 3450 ue

310 3525 377 3604 per
395 3499 565 3576 accidens
585 3504 734 3602 quidem
753 3505 975 3602 potestesse
999 3498 1242 3600 intelligibile,
1263 3498 1361 3601 quod
1379 3501 1436 3574 est

311 3652 377 3729 per
395 3649 436 3702 se
453 3628 679 3728 particulare
706 3632 743 3705 et
770 3626 917 3720 mobile,
937 3651 1006 3703 nec
1025 3650 1091 3728 per
1117 3625 1288 3702 accidens
1315 3626 1438 3726 potest

312 3775 394 3829 esse
413 3752 625 3831 universale
644 3759 682 3831 et
700 3751 899 3829 immobile.
919 3751 1029 3828 Unde
1047 3775 1239 3852 nunquam
1258 3749 1439 3826 Aristote-

311 3875 366 3954 les
385 3876 422 3952 in
441 3876 729 3979 particularibus
753 3875 931 3954 scientiae
949 3875 1100 3953 nomine
1120 3900 1208 3952 usus
1227 3877 1296 3967 est,
1319 3897 1439 3977 nequo

352 4058 399 4138 (l)
414 4058 440 4118 Il
453 4061 529 4119 testo
547 4060 588 4119 ha
607 4077 765 4138 carrpone:
781 4058 803 4118 il
817 4059 940 4119 Girorer
960 4075 1102 4136 eorreggo
1125 4073 1285 4135 cauponae
1302 4054 1441 4116 sbadata-

312 4160 421 4219 mente.

358 4256 402 4335 (2)
416 4260 441 4321 Il
454 4233 533 4321 testo
545 4261 586 4321 ha
599 4262 716 4324 debent:
730 4261 752 4323 il
766 4259 889 4322 Girorer
899 4274 1125 4339 correggepure
1139 4255 1282 4316 debeant.
