3442 5108
439 972 556 1029 Digressio
570 971 688 1029 quaedam,
704 970 789 1028 quodsi
802 969 870 1014 veluti
882 968 1032 1023 dissolubiles,
1041 980 1071 1012 ex
1081 973 1163 1011 notura
1172 966 1345 1023 compositionis,
1358 972 1412 1009 sunt
1424 962 1511 1015 mundi,

465 1065 616 1108 dissolvuntur
629 1063 729 1120 pertibus
743 1076 758 1106 a
770 1069 818 1106 toto
832 1074 924 1119 corpore
938 1061 1101 1115 diffluentibus,
1120 1074 1163 1104 nou
1177 1061 1305 1105 inconvenit
1322 1058 1443 1104 universali
1462 1057 1513 1112 agi·

464 1156 549 1200 tatione
562 1161 648 1199 atomos
664 1153 713 1210 (seu
727 1154 924 1210 quomodocunque
937 1153 1035 1210 appelles
1049 1152 1121 1209 prima
1135 1151 1239 1209 corpora)
1254 1150 1338 1194 infinite
1352 1149 1441 1205 vagari.

503 1376 656 1443 Attamen
680 1380 775 1460 atque
799 1374 876 1440 illud
899 1376 926 1440 si
950 1375 1048 1442 velles
1071 1375 1177 1441 dicere
1200 1373 1343 1443 tandem,

463 1504 554 1580 Quod
579 1506 607 1571 si
630 1508 807 1582 mutantur,
831 1505 920 1569 senio
944 1507 1135 1589 torpentque
1159 1504 1275 1588 relapsi

460 1630 584 1711 Mundi,
609 1650 665 1695 ceu
689 1628 796 1693 Tellus
818 1629 905 1692 senio
928 1626 1074 1694 confecta
1097 1627 1246 1703 videtur,

464 1755 545 1822 lllud
569 1759 644 1822 item
668 1757 812 1821 invenias
835 1755 1059 1841 profitendum,
1083 1776 1262 1842 magnaque
1285 1762 1400 1825 cuncta

461 1884 568 1973 (Quod
591 1890 680 1970 patet
704 1885 735 1948 in
759 1882 883 1970 parvis)
906 1888 1040 1968 pereant
1063 1884 1215 1949 animalia
1238 1883 1359 1961 mundi,

459 2013 581 2098 Nempe
604 2014 825 2088 immutentur,
849 2009 1011 2089 labantur,
1035 2010 1267 2078 dissolvantur.

462 2145 616 2211 Materies
639 2147 784 2210 veterem
810 2147 945 2230 speciem
968 2151 1127 2231 pertaesa,
1151 2151 1310 2213 recentem

462 2275 611 2360 Aucupet
633 2275 681 2362 (l)
705 2276 841 2358 assidue,
867 2277 936 2344 fieri
958 2278 1042 2363 quod
1065 2281 1213 2364 concupit
1238 2300 1342 2355 omne,

459 2401 588 2467 Viribu'
614 2421 734 2489 proque
758 2403 824 2468 suis
847 2404 934 2468 omni
957 2404 1023 2469 enti
1048 2404 1256 2470 consimilari:
1309 2464 1314 2473 .

461 2530 596 2633 Qualem
620 2533 838 2617 Anaxagoras
862 2533 1015 2618 intelligit
1036 2553 1116 2610 esse,
1140 2537 1305 2619 potestque

458 2657 493 2725 Si
519 2655 662 2725 effluxus
684 2662 804 2747 proprii
820 2664 852 2725 et
868 2660 1031 2745 peregrini
1046 2657 1187 2724 influxus
1210 2660 1381 2746 adurgent.
1406 2660 1455 2745 (2)

462 2788 551 2854 Tunc
574 2794 680 2856 certas
703 2790 861 2855 variando
885 2791 983 2872 vices,
1008 2788 1193 2875 fluxumque
1216 2797 1397 2860 atomorum

462 2916 601 2983 Credere
624 2919 656 2983 in
680 2919 868 2984 immensum
890 2919 978 2985 haud
1000 2918 1095 2985 dubia
1118 2921 1243 2987 ratione
1266 2920 1426 2988 valemus.

460 3049 510 3114 Ao
532 3048 634 3116 veluti
658 3052 766 3116 varios
789 3051 913 3115 animas
936 3055 1062 3117 tentare
1086 3071 1230 3117 recessus

462 3176 624 3261 Perpetuo
646 3180 695 3242 est
718 3179 838 3258 notum,
862 3177 908 3242 sic
933 3195 1067 3261 corpora
1091 3178 1237 3241 materiei

464 3303 580 3370 Inferri
603 3325 732 3372 versum
755 3309 869 3380 totum,
894 3304 939 3369 nil
962 3324 1055 3390 posse
1078 3303 1212 3371 vetabit:

459 3438 594 3523 Singula
616 3458 690 3503 nam
716 3436 777 3504 fine
800 3458 838 3503 ao
862 3435 1067 3501 nihilominus
1091 3436 1203 3502 ordine
1226 3442 1315 3505 certo

460 3565 527 3631 Hos
551 3566 662 3632 varios
684 3569 845 3650 peragunt
867 3584 979 3630 cursus
1005 3564 1161 3648 faciesque
1184 3569 1363 3632 resumunt.

460 3690 553 3766 Quod
576 3693 603 3756 si
626 3692 679 3758 ille
702 3712 721 3756 a
745 3690 839 3757 rebus
863 3710 927 3757 non
950 3694 1034 3757 esset
1056 3688 1173 3772 fluxuS,
1198 3696 1230 3759 et
1253 3693 1305 3758 ille

443 3939 474 3996 (ll
490 3939 506 3983 ll
519 3945 577 3984 testo
592 3939 632 3984 ha:
645 3949 754 3996 «rumpet.

442 4037 473 4092 (2)
490 4037 533 4086 Qui
549 4037 644 4081 l'nutore
657 4050 760 4082 nccennn
774 4049 788 4082 a
802 4038 844 4083 due
858 4038 962 4094 doctrine,
977 4039 1035 4083 delle
1049 4041 1110 4094 quali
1123 4053 1169 4084 una
1182 4043 1195 4083 e
1209 4048 1338 4085 veramente
1347 4041 1371 4085 di
1385 4044 1540 4096 Annsssgorn,

414 4129 429 4173 1·
438 4130 497 4174 elue
510 4142 547 4173 no·
561 4132 569 4174 1
584 4133 647 4188 corpl
660 4132 768 4187 composti
782 4132 804 4174 dl
814 4132 872 4188 parti
885 4133 984 4187 enudari,
995 4146 1008 4177 o
1018 4133 1040 4176 di
1052 4137 1200 4188 omeomerr'e,
1210 4135 1288 4178 turono
1303 4135 1414 4192 concepili
1425 4135 1454 4178 da
1464 4139 1538 4178 Anne-

414 4241 509 4286 ugom:
521 4241 558 4272 me
572 4231 578 4272 i
590 4230 637 4286 pori
653 4205 756 4285 (7101701)
769 4229 805 4287 pei
820 4231 882 4286 quuli
891 4231 898 4274 i
908 4231 968 4288 corpl
978 4231 1100 4287 ncmlgouo
1110 4233 1141 4288 gli
1149 4232 1234 4277 efflussi
1248 4208 1400 4291 (Μὸρῥθᾶῑ)
1410 4233 1467 4278 delle
1480 4233 1540 4292 porti

414 4328 505 4372 similari
517 4329 655 4386 provenienti
665 4329 702 4374 dal
711 4329 733 4373 di
741 4329 813 4385 fuera,
824 4331 911 4386 lnrono,
922 4331 1000 4375 invece
1009 4331 1119 4388 concupiti
1128 4331 1158 4375 de
1167 4330 1306 4388 empedocle.

431 4419 448 4465 u
469 4427 528 4466 testo
541 4421 572 4466 he
585 4422 695 4480 adurget,
704 4436 717 4469 e
727 4423 784 4470 deve
797 4424 845 4470 dire
859 4427 984 4482 auarum,
997 4438 1061 4471 come
1076 4426 1104 4471 lio
1117 4432 1222 4472 corrotto.
