<?xml version="1.0" encoding="UTF-8"?>
<!DOCTYPE html PUBLIC "-//W3C//DTD XHTML 1.0 Transitional//EN"
    "http://www.w3.org/TR/xhtml1/DTD/xhtml1-transitional.dtd">
<html xmlns="http://www.w3.org/1999/xhtml" xml:lang="en" lang="en">
 <head>
  <title>
</title>
<meta http-equiv="Content-Type" content="text/html;charset=utf-8" />
  <meta name='ocr-system' content='tesseract 3.04.00' />
  <meta name='ocr-capabilities' content='ocr_page ocr_carea ocr_par ocr_line ocrx_word'/>
</head>
<body>
  <div class='ocr_page' id='page_1' title='image "./jordanibruninol04brungoog_0282.png"; bbox 0 0 3442 5108; ppageno 0'>
   <div class='ocr_carea' id='block_1_1' title="bbox 713 322 888 382">
    <p class='ocr_par' dir='ltr' id='par_1_1' title="bbox 713 322 888 382">
     <span class='ocr_line' id='line_1_1' title="bbox 713 322 888 382; baseline 0.017 -3"><span class='ocrx_word' id='word_1_1' title='bbox 713 353 744 366; x_wconf 88' lang='lat'><em>-</em></span> <span class='ocrx_word' id='word_1_2' title='bbox 770 322 888 382; x_wconf 80' lang='lat'>235-</span> 
     </span>
    </p>
   </div>
   <div class='ocr_carea' id='block_1_2' title="bbox 280 509 1182 854">
    <p class='ocr_par' dir='ltr' id='par_1_2' title="bbox 280 509 1182 854">
     <span class='ocr_line' id='line_1_2' title="bbox 280 509 1182 603; baseline -0.006 -23"><span class='ocrx_word' id='word_1_3' title='bbox 280 512 429 580; x_wconf 91' lang='lat' dir='ltr'>Numinis</span> <span class='ocrx_word' id='word_1_4' title='bbox 452 512 644 578; x_wconf 87' lang='lat' dir='ltr'>intemerata</span> <span class='ocrx_word' id='word_1_5' title='bbox 667 510 785 577; x_wconf 81' lang='lat' dir='ltr'>etenim</span> <span class='ocrx_word' id='word_1_6' title='bbox 808 514 927 577; x_wconf 89' lang='lat' dir='ltr'>natura</span> <span class='ocrx_word' id='word_1_7' title='bbox 950 509 1101 603; x_wconf 85' lang='lat' dir='ltr'>ministra</span> <span class='ocrx_word' id='word_1_8' title='bbox 1123 513 1182 585; x_wconf 89' lang='lat' dir='ltr'>est,</span> 
     </span>
     <span class='ocr_line' id='line_1_3' title="bbox 283 637 1113 725; baseline -0.004 -22"><span class='ocrx_word' id='word_1_9' title='bbox 283 640 407 723; x_wconf 83' lang='lat' dir='ltr'>Legum</span> <span class='ocrx_word' id='word_1_10' title='bbox 430 637 635 723; x_wconf 86' lang='lat' dir='ltr'>suppeditans</span> <span class='ocrx_word' id='word_1_11' title='bbox 656 638 819 725; x_wconf 87' lang='lat' dir='ltr'>justarum</span> <span class='ocrx_word' id='word_1_12' title='bbox 843 658 923 704; x_wconf 87' lang='lat' dir='ltr'>vera</span> <span class='ocrx_word' id='word_1_13' title='bbox 946 638 1113 714; x_wconf 88' lang='lat' dir='ltr'>elementa,</span> 
     </span>
     <span class='ocr_line' id='line_1_4' title="bbox 282 765 1093 854; baseline 0.002 -23"><span class='ocrx_word' id='word_1_14' title='bbox 282 765 341 832; x_wconf 92' lang='lat' dir='ltr'>Cui</span> <span class='ocrx_word' id='word_1_15' title='bbox 365 766 452 830; x_wconf 91' lang='lat' dir='ltr'>Deus</span> <span class='ocrx_word' id='word_1_16' title='bbox 475 765 632 831; x_wconf 87' lang='lat' dir='ltr'>obsistens</span> <span class='ocrx_word' id='word_1_17' title='bbox 656 767 682 830; x_wconf 92' lang='lat' dir='ltr'>si</span> <span class='ocrx_word' id='word_1_18' title='bbox 705 768 775 852; x_wconf 93' lang='lat' dir='ltr'>quis</span> <span class='ocrx_word' id='word_1_19' title='bbox 799 766 942 854; x_wconf 84' lang='lat' dir='ltr'>fingatur</span> <span class='ocrx_word' id='word_1_20' title='bbox 965 768 1093 845; x_wconf 87' lang='lat' dir='ltr'>adesse,</span> 
     </span>
    </p>
   </div>
   <div class='ocr_carea' id='block_1_3' title="bbox 280 896 1174 1112">
    <p class='ocr_par' dir='ltr' id='par_1_3' title="bbox 280 896 1174 1112">
     <span class='ocr_line' id='line_1_5' title="bbox 280 896 1174 984; baseline 0.004 -24"><span class='ocrx_word' id='word_1_21' title='bbox 280 896 419 961; x_wconf 86' lang='lat' dir='ltr'>ltlultum</span> <span class='ocrx_word' id='word_1_22' title='bbox 443 896 587 981; x_wconf 88' lang='lat' dir='ltr'>equidem</span> <span class='ocrx_word' id='word_1_23' title='bbox 612 897 688 965; x_wconf 90' lang='lat' dir='ltr'>defit</span> <span class='ocrx_word' id='word_1_24' title='bbox 711 898 830 964; x_wconf 88' lang='lat' dir='ltr'>Genius</span> <span class='ocrx_word' id='word_1_25' title='bbox 854 918 916 982; x_wconf 92' lang='lat' dir='ltr'>quo</span> <span class='ocrx_word' id='word_1_26' title='bbox 939 901 1041 984; x_wconf 79' lang='lat' dir='ltr'>possit</span> <span class='ocrx_word' id='word_1_27' title='bbox 1063 900 1174 966; x_wconf 90' lang='lat' dir='ltr'>haberi</span> 
     </span>
     <span class='ocr_line' id='line_1_6' title="bbox 284 1022 1114 1112; baseline 0.007 -24"><span class='ocrx_word' id='word_1_28' title='bbox 284 1022 484 1107; x_wconf 87' lang='lat' dir='ltr'>Spectandus</span> <span class='ocrx_word' id='word_1_29' title='bbox 508 1025 608 1099; x_wconf 90' lang='lat' dir='ltr'>nobis,</span> <span class='ocrx_word' id='word_1_30' title='bbox 633 1026 727 1091; x_wconf 87' lang='lat' dir='ltr'>titulo</span> <span class='ocrx_word' id='word_1_31' title='bbox 752 1027 914 1112; x_wconf 82' lang='lat' dir='ltr'>laudisque</span> <span class='ocrx_word' id='word_1_32' title='bbox 938 1029 1114 1095; x_wconf 68' lang='lat' dir='ltr'>vehendus,</span> 
     </span>
    </p>
   </div>
   <div class='ocr_carea' id='block_1_4' title="bbox 235 1189 1364 2002">
    <p class='ocr_par' dir='ltr' id='par_1_4' title="bbox 235 1189 1364 2002">
     <span class='ocr_line' id='line_1_7' title="bbox 275 1189 1363 1274; baseline 0.008 -26"><span class='ocrx_word' id='word_1_33' title='bbox 275 1189 348 1249; x_wconf 88' lang='lat' dir='ltr'>Hele</span> <span class='ocrx_word' id='word_1_34' title='bbox 365 1190 456 1248; x_wconf 85' lang='lat' dir='ltr'>habes</span> <span class='ocrx_word' id='word_1_35' title='bbox 472 1192 746 1268; x_wconf 63' lang='lat' dir='ltr'>argumentatus</span> <span class='ocrx_word' id='word_1_36' title='bbox 760 1195 956 1256; x_wconf 84' lang='lat' dir='ltr'>indifferentia</span> <span class='ocrx_word' id='word_1_37' title='bbox 971 1197 1063 1274; x_wconf 89' lang='lat' dir='ltr'>spacii</span> <span class='ocrx_word' id='word_1_38' title='bbox 1082 1198 1187 1257; x_wconf 91' lang='lat' dir='ltr'>inclusi</span> <span class='ocrx_word' id='word_1_39' title='bbox 1198 1200 1227 1258; x_wconf 90' lang='lat' dir='ltr'>et</span> <span class='ocrx_word' id='word_1_40' title='bbox 1241 1195 1363 1271; x_wconf 81' lang='lat' dir='ltr'>exclusi,</span> 
     </span>
     <span class='ocr_line' id='line_1_8' title="bbox 235 1315 1363 1394; baseline 0.007 -25"><span class='ocrx_word' id='word_1_41' title='bbox 235 1331 357 1390; x_wconf 89' lang='lat' dir='ltr'>quorum</span> <span class='ocrx_word' id='word_1_42' title='bbox 373 1315 457 1372; x_wconf 85' lang='lat' dir='ltr'>varia</span> <span class='ocrx_word' id='word_1_43' title='bbox 484 1320 612 1392; x_wconf 84' lang='lat' dir='ltr'>nequeat</span> <span class='ocrx_word' id='word_1_44' title='bbox 626 1334 689 1377; x_wconf 84' lang='lat' dir='ltr'>esse</span> <span class='ocrx_word' id='word_1_45' title='bbox 704 1316 845 1394; x_wconf 90' lang='lat' dir='ltr'>potentia,</span> <span class='ocrx_word' id='word_1_46' title='bbox 856 1322 886 1377; x_wconf 89' lang='lat' dir='ltr'>et</span> <span class='ocrx_word' id='word_1_47' title='bbox 897 1337 949 1394; x_wconf 80' lang='lat' dir='ltr'>per</span> <span class='ocrx_word' id='word_1_48' title='bbox 963 1336 1144 1394; x_wconf 88' lang='lat' dir='ltr'>consequens</span> <span class='ocrx_word' id='word_1_49' title='bbox 1159 1337 1253 1394; x_wconf 91' lang='lat' dir='ltr'>ncquc</span> <span class='ocrx_word' id='word_1_50' title='bbox 1270 1320 1363 1377; x_wconf 84' lang='lat' dir='ltr'>actus.</span> 
     </span>
     <span class='ocr_line' id='line_1_9' title="bbox 235 1437 1362 1518; baseline 0.004 -24"><span class='ocrx_word' id='word_1_51' title='bbox 235 1437 262 1497; x_wconf 82' lang='lat'>2.</span> <span class='ocrx_word' id='word_1_52' title='bbox 277 1457 314 1496; x_wconf 77' lang='lat' dir='ltr'>cx</span> <span class='ocrx_word' id='word_1_53' title='bbox 328 1457 362 1497; x_wconf 92' lang='lat' dir='ltr'>eo</span> <span class='ocrx_word' id='word_1_54' title='bbox 377 1439 454 1513; x_wconf 92' lang='lat' dir='ltr'>quod</span> <span class='ocrx_word' id='word_1_55' title='bbox 470 1456 572 1497; x_wconf 88' lang='lat' dir='ltr'>seusus</span> <span class='ocrx_word' id='word_1_56' title='bbox 587 1439 713 1515; x_wconf 87' lang='lat' dir='ltr'>undique</span> <span class='ocrx_word' id='word_1_57' title='bbox 728 1447 894 1517; x_wconf 88' lang='lat' dir='ltr'>superatur,</span> <span class='ocrx_word' id='word_1_58' title='bbox 910 1459 1052 1516; x_wconf 88' lang='lat' dir='ltr'>nusquam</span> <span class='ocrx_word' id='word_1_59' title='bbox 1068 1445 1197 1518; x_wconf 89' lang='lat' dir='ltr'>superat.</span> <span class='ocrx_word' id='word_1_60' title='bbox 1219 1442 1249 1500; x_wconf 84' lang='lat'>3.</span> <span class='ocrx_word' id='word_1_61' title='bbox 1260 1441 1362 1499; x_wconf 88' lang='lat' dir='ltr'>eadem</span> 
     </span>
     <span class='ocr_line' id='line_1_10' title="bbox 235 1560 1364 1637; baseline -0.002 -17"><span class='ocrx_word' id='word_1_62' title='bbox 235 1562 367 1633; x_wconf 87' lang='lat' dir='ltr'>matoria,</span> <span class='ocrx_word' id='word_1_63' title='bbox 381 1562 481 1620; x_wconf 91' lang='lat' dir='ltr'>cadem</span> <span class='ocrx_word' id='word_1_64' title='bbox 497 1560 636 1636; x_wconf 84' lang='lat' dir='ltr'>potentia,</span> <span class='ocrx_word' id='word_1_65' title='bbox 648 1560 723 1619; x_wconf 88' lang='lat' dir='ltr'>idem</span> <span class='ocrx_word' id='word_1_66' title='bbox 739 1561 878 1637; x_wconf 80' lang='lat' dir='ltr'>spacium,</span> <span class='ocrx_word' id='word_1_67' title='bbox 894 1561 971 1619; x_wconf 92' lang='lat' dir='ltr'>idcm</span> <span class='ocrx_word' id='word_1_68' title='bbox 986 1561 1125 1634; x_wconf 68' lang='lat' dir='ltr'>efficiens</span> <span class='ocrx_word' id='word_1_69' title='bbox 1140 1579 1237 1637; x_wconf 88' lang='lat' dir='ltr'>aequo</span> <span class='ocrx_word' id='word_1_70' title='bbox 1252 1561 1364 1637; x_wconf 87' lang='lat' dir='ltr'>ubique</span> 
     </span>
     <span class='ocr_line' id='line_1_11' title="bbox 235 1681 1363 1759; baseline 0 -20"><span class='ocrx_word' id='word_1_71' title='bbox 235 1687 338 1759; x_wconf 71' lang='lat' dir='ltr'>proteus</span> <span class='ocrx_word' id='word_1_72' title='bbox 356 1683 435 1740; x_wconf 89' lang='lat' dir='ltr'>Dcus</span> <span class='ocrx_word' id='word_1_73' title='bbox 450 1685 480 1741; x_wconf 92' lang='lat' dir='ltr'>ot</span> <span class='ocrx_word' id='word_1_74' title='bbox 495 1684 609 1740; x_wconf 85' lang='lat' dir='ltr'>natura.</span> <span class='ocrx_word' id='word_1_75' title='bbox 624 1681 651 1740; x_wconf 83' lang='lat'>4.</span> <span class='ocrx_word' id='word_1_76' title='bbox 667 1681 750 1759; x_wconf 86' lang='lat' dir='ltr'>proin</span> <span class='ocrx_word' id='word_1_77' title='bbox 772 1681 992 1758; x_wconf 84' lang='lat' dir='ltr'>circumscripto</span> <span class='ocrx_word' id='word_1_78' title='bbox 1005 1681 1041 1738; x_wconf 88' lang='lat' dir='ltr'>ab</span> <span class='ocrx_word' id='word_1_79' title='bbox 1063 1683 1117 1739; x_wconf 92' lang='lat' dir='ltr'>hoc</span> <span class='ocrx_word' id='word_1_80' title='bbox 1135 1681 1234 1756; x_wconf 86' lang='lat' dir='ltr'>spacio</span> <span class='ocrx_word' id='word_1_81' title='bbox 1256 1681 1363 1739; x_wconf 89' lang='lat' dir='ltr'>mundo</span> 
     </span>
     <span class='ocr_line' id='line_1_12' title="bbox 235 1801 1363 1878; baseline -0.002 -18"><span class='ocrx_word' id='word_1_82' title='bbox 235 1801 301 1874; x_wconf 85' lang='lat' dir='ltr'>istc,</span> <span class='ocrx_word' id='word_1_83' title='bbox 317 1802 458 1878; x_wconf 80' lang='lat' dir='ltr'>spacium,</span> <span class='ocrx_word' id='word_1_84' title='bbox 473 1802 549 1859; x_wconf 90' lang='lat' dir='ltr'>huuc</span> <span class='ocrx_word' id='word_1_85' title='bbox 563 1819 731 1876; x_wconf 80' lang='lat' dir='ltr'>exaequans</span> <span class='ocrx_word' id='word_1_86' title='bbox 744 1803 894 1874; x_wconf 87' lang='lat' dir='ltr'>mundum,</span> <span class='ocrx_word' id='word_1_87' title='bbox 909 1802 946 1860; x_wconf 89' lang='lat' dir='ltr'>ab</span> <span class='ocrx_word' id='word_1_88' title='bbox 971 1819 1006 1860; x_wconf 89' lang='lat' dir='ltr'>eo</span> <span class='ocrx_word' id='word_1_89' title='bbox 1025 1802 1103 1877; x_wconf 91' lang='lat' dir='ltr'>quod</span> <span class='ocrx_word' id='word_1_90' title='bbox 1118 1805 1206 1860; x_wconf 83' lang='lat' dir='ltr'>extra</span> <span class='ocrx_word' id='word_1_91' title='bbox 1221 1801 1363 1859; x_wconf 92' lang='lat' dir='ltr'>mundum</span> 
     </span>
     <span class='ocr_line' id='line_1_13' title="bbox 236 1924 1357 2002; baseline 0 -20"><span class='ocrx_word' id='word_1_92' title='bbox 236 1942 344 2002; x_wconf 88' lang='lat' dir='ltr'>ponere</span> <span class='ocrx_word' id='word_1_93' title='bbox 361 1925 504 1999; x_wconf 82' lang='lat' dir='ltr'>cogimur,</span> <span class='ocrx_word' id='word_1_94' title='bbox 520 1929 565 1983; x_wconf 88' lang='lat' dir='ltr'>est</span> <span class='ocrx_word' id='word_1_95' title='bbox 580 1924 755 1984; x_wconf 83' lang='lat' dir='ltr'>indifferens.</span> <span class='ocrx_word' id='word_1_96' title='bbox 769 1926 796 1983; x_wconf 82' lang='lat'>5.</span> <span class='ocrx_word' id='word_1_97' title='bbox 818 1927 924 1984; x_wconf 88' lang='lat' dir='ltr'>bonum</span> <span class='ocrx_word' id='word_1_98' title='bbox 948 1931 1086 2002; x_wconf 86' lang='lat' dir='ltr'>tanquam</span> <span class='ocrx_word' id='word_1_99' title='bbox 1114 1925 1237 1983; x_wconf 91' lang='lat' dir='ltr'>nihilum</span> <span class='ocrx_word' id='word_1_100' title='bbox 1262 1924 1357 1995; x_wconf 88' lang='lat' dir='ltr'>malo,</span> 
     </span>
    </p>
   </div>
   <div class='ocr_carea' id='block_1_5' title="bbox 236 2042 1364 2120">
    <p class='ocr_par' dir='ltr' id='par_1_5' title="bbox 236 2042 1364 2120">
     <span class='ocr_line' id='line_1_14' title="bbox 236 2042 1364 2120; baseline -0.002 -17"><span class='ocrx_word' id='word_1_101' title='bbox 236 2063 287 2105; x_wconf 89' lang='lat' dir='ltr'>ens</span> <span class='ocrx_word' id='word_1_102' title='bbox 309 2064 366 2105; x_wconf 93' lang='lat' dir='ltr'>non</span> <span class='ocrx_word' id='word_1_103' title='bbox 388 2046 460 2117; x_wconf 86' lang='lat' dir='ltr'>enti,</span> <span class='ocrx_word' id='word_1_104' title='bbox 483 2063 585 2103; x_wconf 82' lang='lat' dir='ltr'>rerum</span> <span class='ocrx_word' id='word_1_105' title='bbox 607 2045 681 2102; x_wconf 84' lang='lat' dir='ltr'>salso</span> <span class='ocrx_word' id='word_1_106' title='bbox 703 2049 907 2120; x_wconf 85' lang='lat' dir='ltr'>opponeretur.</span> <span class='ocrx_word' id='word_1_107' title='bbox 930 2046 957 2104; x_wconf 81' lang='grc'>6.</span> <span class='ocrx_word' id='word_1_108' title='bbox 978 2045 1094 2104; x_wconf 85' lang='lat' dir='ltr'>infinita</span> <span class='ocrx_word' id='word_1_109' title='bbox 1109 2062 1199 2103; x_wconf 88' lang='lat' dir='ltr'>causa</span> <span class='ocrx_word' id='word_1_110' title='bbox 1224 2042 1364 2118; x_wconf 82' lang='lat' dir='ltr'>injurioso</span> 
     </span>
    </p>
   </div>
   <div class='ocr_carea' id='block_1_6' title="bbox 236 2168 1365 2362">
    <p class='ocr_par' dir='ltr' id='par_1_6' title="bbox 236 2168 1365 2362">
     <span class='ocr_line' id='line_1_15' title="bbox 236 2168 1365 2246; baseline 0.002 -19"><span class='ocrx_word' id='word_1_111' title='bbox 236 2168 311 2227; x_wconf 88' lang='lat' dir='ltr'>finiti</span> <span class='ocrx_word' id='word_1_112' title='bbox 328 2168 442 2227; x_wconf 90' lang='lat' dir='ltr'>dicetur</span> <span class='ocrx_word' id='word_1_113' title='bbox 456 2168 576 2230; x_wconf 85' lang='lat' dir='ltr'>eiicctus</span> <span class='ocrx_word' id='word_1_114' title='bbox 592 2188 692 2240; x_wconf 86' lang='lat' dir='ltr'>causa,</span> <span class='ocrx_word' id='word_1_115' title='bbox 707 2169 836 2244; x_wconf 87' lang='lat' dir='ltr'>quinimo</span> <span class='ocrx_word' id='word_1_116' title='bbox 851 2172 888 2228; x_wconf 89' lang='lat' dir='ltr'>ad</span> <span class='ocrx_word' id='word_1_117' title='bbox 903 2171 1019 2230; x_wconf 87' lang='lat' dir='ltr'>linitum</span> <span class='ocrx_word' id='word_1_118' title='bbox 1040 2171 1177 2229; x_wconf 82' lang='lat' dir='ltr'>ellectum</span> <span class='ocrx_word' id='word_1_119' title='bbox 1202 2189 1296 2246; x_wconf 89' lang='lat' dir='ltr'>neque</span> <span class='ocrx_word' id='word_1_120' title='bbox 1311 2189 1365 2229; x_wconf 91' lang='lat' dir='ltr'>no-</span> 
     </span>
     <span class='ocr_line' id='line_1_16' title="bbox 237 2282 1365 2362; baseline 0.001 -23"><span class='ocrx_word' id='word_1_121' title='bbox 237 2300 303 2340; x_wconf 86' lang='lat' dir='ltr'>men</span> <span class='ocrx_word' id='word_1_122' title='bbox 318 2300 410 2357; x_wconf 89' lang='lat' dir='ltr'>nequo</span> <span class='ocrx_word' id='word_1_123' title='bbox 424 2283 568 2343; x_wconf 85' lang='lat' dir='ltr'>rationem</span> <span class='ocrx_word' id='word_1_124' title='bbox 590 2288 686 2361; x_wconf 91' lang='lat' dir='ltr'>potest</span> <span class='ocrx_word' id='word_1_125' title='bbox 701 2287 808 2344; x_wconf 87' lang='lat' dir='ltr'>habere</span> <span class='ocrx_word' id='word_1_126' title='bbox 823 2282 986 2344; x_wconf 80' lang='lat' dir='ltr'>efficientis.</span> <span class='ocrx_word' id='word_1_127' title='bbox 1003 2284 1029 2344; x_wconf 85' lang='lat'>7.</span> <span class='ocrx_word' id='word_1_128' title='bbox 1045 2284 1196 2359; x_wconf 85' lang='lat' dir='ltr'>indignum</span> <span class='ocrx_word' id='word_1_129' title='bbox 1208 2286 1365 2362; x_wconf 86' lang='lat' dir='ltr'>majestate</span> 
     </span>
    </p>
   </div>
   <div class='ocr_carea' id='block_1_7' title="bbox 237 2403 1365 2943">
    <p class='ocr_par' dir='ltr' id='par_1_7' title="bbox 237 2403 1365 2943">
     <span class='ocr_line' id='line_1_17' title="bbox 238 2403 1364 2483; baseline 0.006 -24"><span class='ocrx_word' id='word_1_130' title='bbox 238 2405 268 2460; x_wconf 88' lang='lat' dir='ltr'>ct</span> <span class='ocrx_word' id='word_1_131' title='bbox 282 2403 411 2462; x_wconf 86' lang='lat' dir='ltr'>bonitate</span> <span class='ocrx_word' id='word_1_132' title='bbox 426 2404 532 2480; x_wconf 84' lang='lat' dir='ltr'>ojus,si</span> <span class='ocrx_word' id='word_1_133' title='bbox 549 2405 638 2464; x_wconf 87' lang='lat' dir='ltr'>finitis</span> <span class='ocrx_word' id='word_1_134' title='bbox 653 2408 837 2465; x_wconf 82' lang='lat' dir='ltr'>adstantibus</span> <span class='ocrx_word' id='word_1_135' title='bbox 853 2406 944 2483; x_wconf 86' lang='lat' dir='ltr'>possit</span> <span class='ocrx_word' id='word_1_136' title='bbox 955 2411 1111 2466; x_wconf 85' lang='lat' dir='ltr'>contentus</span> <span class='ocrx_word' id='word_1_137' title='bbox 1132 2425 1196 2466; x_wconf 85' lang='lat' dir='ltr'>esse</span> <span class='ocrx_word' id='word_1_138' title='bbox 1212 2405 1364 2466; x_wconf 74' lang='lat' dir='ltr'>ministris:</span> 
     </span>
     <span class='ocr_line' id='line_1_18' title="bbox 237 2521 1365 2602; baseline 0.007 -25"><span class='ocrx_word' id='word_1_139' title='bbox 237 2521 282 2578; x_wconf 89' lang='lat' dir='ltr'>cui</span> <span class='ocrx_word' id='word_1_140' title='bbox 298 2528 473 2596; x_wconf 83' lang='lat' dir='ltr'>argumento</span> <span class='ocrx_word' id='word_1_141' title='bbox 489 2542 526 2582; x_wconf 77' lang='lat' dir='ltr'>cx</span> <span class='ocrx_word' id='word_1_142' title='bbox 541 2525 633 2583; x_wconf 87' lang='lat' dir='ltr'>sacris</span> <span class='ocrx_word' id='word_1_143' title='bbox 648 2526 804 2602; x_wconf 89' lang='lat' dir='ltr'>desumpta</span> <span class='ocrx_word' id='word_1_144' title='bbox 818 2527 983 2585; x_wconf 72' lang='lat' dir='ltr'>authoritas</span> <span class='ocrx_word' id='word_1_145' title='bbox 1009 2545 1065 2585; x_wconf 92' lang='lat' dir='ltr'>non</span> <span class='ocrx_word' id='word_1_146' title='bbox 1081 2526 1249 2601; x_wconf 77' lang='lat' dir='ltr'>refragatur</span> <span class='ocrx_word' id='word_1_147' title='bbox 1265 2570 1272 2597; x_wconf 84' lang='grc'><em>,</em></span> <span class='ocrx_word' id='word_1_148' title='bbox 1295 2523 1365 2585; x_wconf 89' lang='lat' dir='ltr'>licet</span> 
     </span>
     <span class='ocr_line' id='line_1_19' title="bbox 238 2642 1364 2721; baseline 0.004 -22"><span class='ocrx_word' id='word_1_149' title='bbox 238 2642 382 2702; x_wconf 87' lang='lat' dir='ltr'>infinitum</span> <span class='ocrx_word' id='word_1_150' title='bbox 409 2663 461 2721; x_wconf 93' lang='lat' dir='ltr'>pro</span> <span class='ocrx_word' id='word_1_151' title='bbox 477 2646 625 2705; x_wconf 78' lang='lat' dir='ltr'>imlefinito</span> <span class='ocrx_word' id='word_1_152' title='bbox 641 2665 659 2704; x_wconf 90' lang='lat' dir='ltr'>a</span> <span class='ocrx_word' id='word_1_153' title='bbox 674 2645 755 2706; x_wconf 90' lang='lat' dir='ltr'>uobis</span> <span class='ocrx_word' id='word_1_154' title='bbox 770 2664 890 2706; x_wconf 89' lang='lat' dir='ltr'>numero</span> <span class='ocrx_word' id='word_1_155' title='bbox 905 2645 999 2707; x_wconf 88' lang='lat' dir='ltr'>sciant</span> <span class='ocrx_word' id='word_1_156' title='bbox 1013 2664 1162 2713; x_wconf 84' lang='lat' dir='ltr'>excusare,</span> <span class='ocrx_word' id='word_1_157' title='bbox 1178 2662 1271 2720; x_wconf 88' lang='lat' dir='ltr'>nequo</span> <span class='ocrx_word' id='word_1_158' title='bbox 1286 2645 1364 2703; x_wconf 92' lang='lat' dir='ltr'>cnim</span> 
     </span>
     <span class='ocr_line' id='line_1_20' title="bbox 239 2763 1363 2842; baseline 0.001 -23"><span class='ocrx_word' id='word_1_159' title='bbox 239 2763 281 2820; x_wconf 87' lang='lat' dir='ltr'>ita</span> <span class='ocrx_word' id='word_1_160' title='bbox 296 2768 326 2821; x_wconf 89' lang='lat' dir='ltr'>et</span> <span class='ocrx_word' id='word_1_161' title='bbox 341 2763 440 2822; x_wconf 81' lang='lat' dir='ltr'>divina</span> <span class='ocrx_word' id='word_1_162' title='bbox 456 2766 570 2825; x_wconf 62' lang='lat' dir='ltr'>turritus</span> <span class='ocrx_word' id='word_1_163' title='bbox 591 2778 680 2842; x_wconf 85' lang='lat' dir='ltr'>atquo</span> <span class='ocrx_word' id='word_1_164' title='bbox 696 2765 827 2842; x_wconf 83' lang='lat' dir='ltr'>potentia</span> <span class='ocrx_word' id='word_1_165' title='bbox 840 2765 990 2824; x_wconf 86' lang='lat' dir='ltr'>indefinite</span> <span class='ocrx_word' id='word_1_166' title='bbox 1006 2771 1118 2825; x_wconf 86' lang='lat' dir='ltr'>tantam</span> <span class='ocrx_word' id='word_1_167' title='bbox 1134 2783 1200 2824; x_wconf 88' lang='lat' dir='ltr'>csse</span> <span class='ocrx_word' id='word_1_168' title='bbox 1214 2763 1363 2822; x_wconf 87' lang='lat' dir='ltr'>aslirmaco</span> 
     </span>
     <span class='ocr_line' id='line_1_21' title="bbox 239 2883 397 2943; baseline 0.019 -4"><span class='ocrx_word' id='word_1_169' title='bbox 239 2883 397 2943; x_wconf 85' lang='lat' dir='ltr'>audebunt.</span> 
     </span>
    </p>
   </div>
   <div class='ocr_carea' id='block_1_8' title="bbox 699 2984 908 3051">
    <p class='ocr_par' dir='ltr' id='par_1_8' title="bbox 699 2984 908 3051">
     <span class='ocr_line' id='line_1_22' title="bbox 699 2984 908 3051; baseline -0.014 0"><span class='ocrx_word' id='word_1_170' title='bbox 699 2984 841 3051; x_wconf 73' lang='lat' dir='ltr'>CAPUT</span> <span class='ocrx_word' id='word_1_171' title='bbox 867 2984 908 3048; x_wconf 91' lang='lat' dir='ltr'>X.</span> 
     </span>
    </p>
   </div>
   <div class='ocr_carea' id='block_1_9' title="bbox 267 3188 1339 3244">
    <p class='ocr_par' dir='ltr' id='par_1_9' title="bbox 267 3188 1339 3244">
     <span class='ocr_line' id='line_1_23' title="bbox 267 3188 1339 3244; baseline 0 -14"><span class='ocrx_word' id='word_1_172' title='bbox 267 3191 328 3232; x_wconf 73' lang='lat' dir='ltr'>Nora</span> <span class='ocrx_word' id='word_1_173' title='bbox 339 3189 430 3232; x_wconf 74' lang='lat' dir='ltr'>erroneis</span> <span class='ocrx_word' id='word_1_174' title='bbox 442 3188 576 3244; x_wconf 66' lang='lat' dir='ltr'>:predi-uptus</span> <span class='ocrx_word' id='word_1_175' title='bbox 586 3189 705 3231; x_wconf 78' lang='lat' dir='ltr'>adducitur</span> <span class='ocrx_word' id='word_1_176' title='bbox 713 3197 876 3240; x_wconf 72' lang='lat' dir='ltr'>arpuunntum,</span> <span class='ocrx_word' id='word_1_177' title='bbox 885 3197 906 3232; x_wconf 88' lang='lat' dir='ltr'>et</span> <span class='ocrx_word' id='word_1_178' title='bbox 914 3200 957 3231; x_wconf 84' lang='lat' dir='ltr'>una</span> <span class='ocrx_word' id='word_1_179' title='bbox 967 3188 1023 3244; x_wconf 88' lang='lat' dir='ltr'>apud</span> <span class='ocrx_word' id='word_1_180' title='bbox 1034 3201 1074 3231; x_wconf 87' lang='lat' dir='ltr'>nos</span> <span class='ocrx_word' id='word_1_181' title='bbox 1085 3190 1169 3244; x_wconf 82' lang='lat' dir='ltr'>paritor</span> <span class='ocrx_word' id='word_1_182' title='bbox 1178 3197 1245 3244; x_wconf 84' lang='lat' dir='ltr'>atquc</span> <span class='ocrx_word' id='word_1_183' title='bbox 1255 3188 1339 3242; x_wconf 76' lang='lat' dir='ltr'>vulpus</span> 
     </span>
    </p>
   </div>
   <div class='ocr_carea' id='block_1_10' title="bbox 513 3278 1089 3336">
    <p class='ocr_par' dir='ltr' id='par_1_10' title="bbox 513 3278 1089 3336">
     <span class='ocr_line' id='line_1_24' title="bbox 513 3278 1089 3336; baseline 0 -14"><span class='ocrx_word' id='word_1_184' title='bbox 513 3293 555 3322; x_wconf 89' lang='lat' dir='ltr'>uon</span> <span class='ocrx_word' id='word_1_185' title='bbox 566 3293 655 3322; x_wconf 80' lang='lat' dir='ltr'>numeru</span> <span class='ocrx_word' id='word_1_186' title='bbox 666 3281 747 3323; x_wconf 77' lang='lat' dir='ltr'>ellicus</span> <span class='ocrx_word' id='word_1_187' title='bbox 762 3278 896 3332; x_wconf 82' lang='lat' dir='ltr'>authoritas,</span> <span class='ocrx_word' id='word_1_188' title='bbox 906 3279 934 3322; x_wconf 80' lang='lat' dir='ltr'>ud</span> <span class='ocrx_word' id='word_1_189' title='bbox 946 3280 1089 3336; x_wconf 86' lang='lat' dir='ltr'>propositum.</span> 
     </span>
    </p>
   </div>
   <div class='ocr_carea' id='block_1_11' title="bbox 285 3461 1332 3804">
    <p class='ocr_par' dir='ltr' id='par_1_11' title="bbox 285 3461 1332 3804">
     <span class='ocr_line' id='line_1_25' title="bbox 285 3461 1332 3546; baseline 0.003 -21"><span class='ocrx_word' id='word_1_190' title='bbox 285 3461 360 3525; x_wconf 83' lang='lat' dir='ltr'>Sive.</span> <span class='ocrx_word' id='word_1_191' title='bbox 385 3461 485 3544; x_wconf 79' lang='lat' dir='ltr'>igitur</span> <span class='ocrx_word' id='word_1_192' title='bbox 508 3461 648 3544; x_wconf 80' lang='lat' dir='ltr'>spacium</span> <span class='ocrx_word' id='word_1_193' title='bbox 675 3463 746 3537; x_wconf 87' lang='lat' dir='ltr'>hoc,</span> <span class='ocrx_word' id='word_1_194' title='bbox 771 3464 922 3528; x_wconf 90' lang='lat' dir='ltr'>mundum</span> <span class='ocrx_word' id='word_1_195' title='bbox 947 3462 1030 3546; x_wconf 92' lang='lat' dir='ltr'>quod</span> <span class='ocrx_word' id='word_1_196' title='bbox 1055 3463 1198 3529; x_wconf 88' lang='lat' dir='ltr'>eontinet</span> <span class='ocrx_word' id='word_1_197' title='bbox 1222 3465 1332 3538; x_wconf 92' lang='lat' dir='ltr'>istum,</span> 
     </span>
     <span class='ocr_line' id='line_1_26' title="bbox 286 3588 964 3676; baseline 0.004 -24"><span class='ocrx_word' id='word_1_198' title='bbox 286 3589 405 3652; x_wconf 85' lang='lat' dir='ltr'>llleutis</span> <span class='ocrx_word' id='word_1_199' title='bbox 429 3588 558 3654; x_wconf 87' lang='lat' dir='ltr'>decreto</span> <span class='ocrx_word' id='word_1_200' title='bbox 582 3610 637 3652; x_wconf 89' lang='lat' dir='ltr'>seu</span> <span class='ocrx_word' id='word_1_201' title='bbox 667 3611 742 3654; x_wconf 78' lang='lat' dir='ltr'>casu</span> <span class='ocrx_word' id='word_1_202' title='bbox 768 3593 964 3676; x_wconf 85' lang='lat' dir='ltr'>perficiatur,</span> 
     </span>
     <span class='ocr_line' id='line_1_27' title="bbox 286 3718 1167 3804; baseline 0.01 -26"><span class='ocrx_word' id='word_1_203' title='bbox 286 3718 477 3791; x_wconf 73' lang='lat' dir='ltr'>tlttaerimus</span> <span class='ocrx_word' id='word_1_204' title='bbox 501 3736 541 3782; x_wconf 85' lang='lat' dir='ltr'>un</span> <span class='ocrx_word' id='word_1_205' title='bbox 566 3718 643 3781; x_wconf 89' lang='lat' dir='ltr'>clusi</span> <span class='ocrx_word' id='word_1_206' title='bbox 667 3722 765 3803; x_wconf 84' lang='lat' dir='ltr'>spacii</span> <span class='ocrx_word' id='word_1_207' title='bbox 789 3721 851 3786; x_wconf 89' lang='lat' dir='ltr'>ista</span> <span class='ocrx_word' id='word_1_208' title='bbox 875 3723 1017 3804; x_wconf 86' lang='lat' dir='ltr'>potentia</span> <span class='ocrx_word' id='word_1_209' title='bbox 1041 3726 1167 3787; x_wconf 86' lang='lat' dir='ltr'>constet</span> 
     </span>
    </p>
   </div>
   <div class='ocr_carea' id='block_1_12' title="bbox 289 3847 1225 3935">
    <p class='ocr_par' dir='ltr' id='par_1_12' title="bbox 289 3847 1225 3935">
     <span class='ocr_line' id='line_1_28' title="bbox 289 3847 1225 3935; baseline 0.006 -23"><span class='ocrx_word' id='word_1_210' title='bbox 289 3849 368 3912; x_wconf 85' lang='lat' dir='ltr'>Cum</span> <span class='ocrx_word' id='word_1_211' title='bbox 394 3847 504 3929; x_wconf 78' lang='lat' dir='ltr'>reliqui</span> <span class='ocrx_word' id='word_1_212' title='bbox 528 3847 663 3927; x_wconf 85' lang='lat' dir='ltr'>exclusi,</span> <span class='ocrx_word' id='word_1_213' title='bbox 687 3849 821 3914; x_wconf 88' lang='lat' dir='ltr'>nihilum</span> <span class='ocrx_word' id='word_1_214' title='bbox 844 3850 927 3935; x_wconf 89' lang='lat' dir='ltr'>quod</span> <span class='ocrx_word' id='word_1_215' title='bbox 951 3852 1094 3918; x_wconf 85' lang='lat' dir='ltr'>continet</span> <span class='ocrx_word' id='word_1_216' title='bbox 1117 3862 1225 3933; x_wconf 80' lang='lat' dir='ltr'>entra,</span> 
     </span>
    </p>
   </div>
   <div class='ocr_carea' id='block_1_13' title="bbox 288 3980 1243 4072">
    <p class='ocr_par' dir='ltr' id='par_1_13' title="bbox 288 3980 1243 4072">
     <span class='ocr_line' id='line_1_29' title="bbox 288 3980 1243 4072; baseline 0.006 -27"><span class='ocrx_word' id='word_1_217' title='bbox 288 3982 361 4045; x_wconf 79' lang='lat' dir='ltr'>Non</span> <span class='ocrx_word' id='word_1_218' title='bbox 386 3980 506 4060; x_wconf 80' lang='lat' dir='ltr'>eadem,</span> <span class='ocrx_word' id='word_1_219' title='bbox 532 4000 572 4044; x_wconf 90' lang='lat' dir='ltr'>an</span> <span class='ocrx_word' id='word_1_220' title='bbox 597 4002 654 4066; x_wconf 86' lang='lat' dir='ltr'>per</span> <span class='ocrx_word' id='word_1_221' title='bbox 678 4004 712 4047; x_wconf 92' lang='lat' dir='ltr'>se</span> <span class='ocrx_word' id='word_1_222' title='bbox 736 3985 820 4049; x_wconf 89' lang='lat' dir='ltr'>nullo</span> <span class='ocrx_word' id='word_1_223' title='bbox 844 3985 1026 4051; x_wconf 87' lang='lat' dir='ltr'>discrimino</span> <span class='ocrx_word' id='word_1_224' title='bbox 1050 3992 1145 4072; x_wconf 83' lang='lat' dir='ltr'>capta</span> <span class='ocrx_word' id='word_1_225' title='bbox 1169 3987 1243 4051; x_wconf 80' lang='lat' dir='ltr'>esti</span> 
     </span>
    </p>
   </div>
   <div class='ocr_carea' id='block_1_14' title="bbox 288 4107 1247 4201">
    <p class='ocr_par' dir='ltr' id='par_1_14' title="bbox 288 4107 1247 4201">
     <span class='ocr_line' id='line_1_30' title="bbox 288 4107 1247 4201; baseline 0.008 -28"><span class='ocrx_word' id='word_1_226' title='bbox 288 4109 439 4191; x_wconf 73' lang='lat' dir='ltr'>Nunquiil</span> <span class='ocrx_word' id='word_1_227' title='bbox 464 4107 516 4172; x_wconf 91' lang='lat' dir='ltr'>ubi</span> <span class='ocrx_word' id='word_1_228' title='bbox 541 4114 590 4176; x_wconf 86' lang='lat' dir='ltr'>cst</span> <span class='ocrx_word' id='word_1_229' title='bbox 614 4111 747 4177; x_wconf 89' lang='lat' dir='ltr'>nihilum</span> <span class='ocrx_word' id='word_1_230' title='bbox 772 4114 953 4181; x_wconf 87' lang='lat' dir='ltr'>discrimina</span> <span class='ocrx_word' id='word_1_231' title='bbox 978 4116 1096 4200; x_wconf 81' lang='lat' dir='ltr'>lingere</span> <span class='ocrx_word' id='word_1_232' title='bbox 1121 4119 1247 4201; x_wconf 74' lang='lat' dir='ltr'>possis?</span> 
     </span>
    </p>
   </div>
   <div class='ocr_carea' id='block_1_15' title="bbox 289 4240 1372 4462">
    <p class='ocr_par' dir='ltr' id='par_1_15' title="bbox 289 4240 1372 4462">
     <span class='ocr_line' id='line_1_31' title="bbox 289 4240 1372 4332; baseline 0.007 -27"><span class='ocrx_word' id='word_1_233' title='bbox 289 4242 380 4305; x_wconf 51' lang='lat' dir='ltr'>:lunc</span> <span class='ocrx_word' id='word_1_234' title='bbox 404 4240 454 4304; x_wconf 71' lang='lat' dir='ltr'>ulii</span> <span class='ocrx_word' id='word_1_235' title='bbox 479 4240 648 4305; x_wconf 85' lang='lat' dir='ltr'>discrimen</span> <span class='ocrx_word' id='word_1_236' title='bbox 671 4243 793 4308; x_wconf 90' lang='lat' dir='ltr'>nullum</span> <span class='ocrx_word' id='word_1_237' title='bbox 817 4250 875 4324; x_wconf 84' lang='lat' dir='ltr'>cst,</span> <span class='ocrx_word' id='word_1_238' title='bbox 902 4245 994 4311; x_wconf 85' lang='lat' dir='ltr'>varia</span> <span class='ocrx_word' id='word_1_239' title='bbox 1017 4251 1125 4330; x_wconf 81' lang='lat' dir='ltr'>estque</span> <span class='ocrx_word' id='word_1_240' title='bbox 1149 4247 1319 4332; x_wconf 74' lang='lat' dir='ltr'>potestas?</span> <span class='ocrx_word' id='word_1_241' title='bbox 1368 4272 1372 4285; x_wconf 93' lang='lat'>·</span> 
     </span>
     <span class='ocr_line' id='line_1_32' title="bbox 289 4367 1296 4462; baseline 0.01 -30"><span class='ocrx_word' id='word_1_242' title='bbox 289 4367 381 4441; x_wconf 76' lang='lat' dir='ltr'>tluod</span> <span class='ocrx_word' id='word_1_243' title='bbox 406 4369 431 4432; x_wconf 88' lang='lat' dir='ltr'>si</span> <span class='ocrx_word' id='word_1_244' title='bbox 456 4388 519 4432; x_wconf 91' lang='lat' dir='ltr'>non</span> <span class='ocrx_word' id='word_1_245' title='bbox 543 4370 709 4454; x_wconf 87' lang='lat' dir='ltr'>quicquam</span> <span class='ocrx_word' id='word_1_246' title='bbox 735 4379 793 4450; x_wconf 87' lang='lat' dir='ltr'>est,</span> <span class='ocrx_word' id='word_1_247' title='bbox 818 4374 884 4440; x_wconf 91' lang='lat' dir='ltr'>ulla</span> <span class='ocrx_word' id='word_1_248' title='bbox 907 4375 989 4458; x_wconf 87' lang='lat' dir='ltr'>quod</span> <span class='ocrx_word' id='word_1_249' title='bbox 1014 4380 1103 4442; x_wconf 85' lang='lat' dir='ltr'>sorte</span> <span class='ocrx_word' id='word_1_250' title='bbox 1128 4382 1296 4462; x_wconf 81' lang='lat' dir='ltr'>repugnet,</span> 
     </span>
    </p>
   </div>
   <div class='ocr_carea' id='block_1_16' title="bbox 0 0 1733 5108">
    <p class='ocr_par' dir='ltr' id='par_1_16' title="bbox 0 0 1733 5108">
     <span class='ocr_line' id='line_1_33' title="bbox 0 0 1733 5108; baseline 0 0"><span class='ocrx_word' id='word_1_251' title='bbox 0 0 1733 5108; x_wconf 95' lang='lat' dir='ltr'> </span> 
     </span>
    </p>
   </div>
  </div>
 </body>
</html>
