3442 5108
661 319 822 383 ..15-

186 509 326 611 pientia
354 509 565 586 aedificavit
592 510 661 587 sibi
686 513 837 589 domum
852 509 1070 588 rationalem
1087 508 1312 587 etintentio-

186 632 322 725 nalem,
341 658 436 733 quae
464 638 522 710 est
548 639 634 736 post
661 635 853 727 mundum,
869 633 933 710 ubi
947 632 1164 735 inspiciatur
1179 634 1311 709 umbra

185 753 328 857 primae
344 756 474 833 domus
490 757 716 860 archetypae
731 761 768 833 et
781 757 921 850 idealis,
936 782 1031 860 qnae
1046 760 1196 832 estante
1207 780 1312 832 mun-

185 871 288 964 dum,
319 878 355 950 et
383 875 508 978 imago
537 877 722 954 secundae
746 877 929 957 sensibilis
949 880 987 952 et
1004 876 1199 961 naturalis
1214 900 1311 976 quae

185 999 243 1071 est
257 996 429 1072 mundus

236 1119 309 1196 Hic
324 1120 462 1198 excidit
476 1121 546 1198 sibi
560 1122 752 1199 columnas
768 1126 931 1224 septem,
946 1145 1080 1221 nempe
1094 1122 1237 1219 septem
1252 1142 1310 1193 ar-

182 1248 251 1337 tes,
282 1246 575 1337 Grammaticen,
603 1248 838 1325 Rethoricen
865 1272 951 1324 cum
978 1245 1102 1333 Poesi,
1132 1242 1308 1343 Logicen,

181 1370 397 1465 Mathesim‚
426 1373 648 1476 Physicam,
676 1374 862 1462 Ethicam,
892 1372 1203 1475 Metaphysicam.
1227 1369 1309 1446 Pri-

182 1519 283 1572 marn
294 1521 389 1596 quae
404 1497 549 1600 regulet
558 1499 783 1601 scripturam
793 1522 1073 1601 congruumque
1084 1518 1306 1587 sermonem,
1354 1556 1372 1570 ..

185 1621 232 1698 ad
262 1623 505 1701 excolendam
531 1624 734 1701 humanam
750 1623 1082 1701 conversationem.
1097 1618 1308 1698 Secundam

182 1770 278 1846 quae
292 1748 544 1849 persuadendo
563 1753 601 1825 et
619 1749 878 1841 dissuadendo
893 1746 1078 1824 laudando
1098 1750 1135 1822 et
1164 1744 1307 1843 vitupe-

182 1871 312 1960 rando,
328 1875 535 1951 accusando
551 1880 589 1952 et
604 1875 833 1952 defendendo
848 1875 992 1951 animas
1008 1877 1044 1950 et
1058 1871 1213 1949 affectus
1237 1869 1302 1945 ho

182 1994 325 2071 minum
344 1997 488 2076 fraenet
503 2003 541 2075 et
559 2000 783 2076 moderetur.
800 1999 965 2075 Tertiam
981 2020 1075 2100 quae
1093 1994 1302 2074 intellectus

180 2116 336 2195 humani
352 2121 586 2222 operationes
604 2121 686 2198 illas
701 2125 842 2214 ternas,
854 2120 1093 2222 concipiendi,
1104 2118 1302 2197 enuncian-

183 2245 232 2337 di,
252 2249 289 2320 et
316 2248 616 2348 argumentandi,
645 2246 781 2348 dirigat
809 2252 846 2323 et
873 2248 920 2323 ad
948 2270 1101 2348 scopum
1129 2243 1302 2320 adducat.

180 2369 366 2454 Quartam
390 2399 485 2474 qnae
514 2398 621 2450 usum
647 2378 684 2451 et
713 2375 894 2450 rationem
911 2373 1212 2463 circanumeroS,
1230 2396 1306 2447 ma·

180 2497 404 2599 gnitudineS,
419 2499 595 2600 pondera,
614 2503 651 2573 et
665 2503 855 2576 momenta
869 2523 996 2575 rerum
1011 2496 1253 2574 combinando
1268 2500 1304 2571 et

179 2623 418 2717 conferendo,
434 2624 733 2716 Arithmeticam,
747 2624 944 2717 llusicam,
960 2622 1227 2714 Geometriam,
1242 2621 1304 2696 Pi-

178 2753 325 2826 cturam
339 2809 349 2836 ,
365 2751 667 2853 perspectivam,
683 2751 1015 2852 Physionomianr,
1034 2748 1300 2850 Astrologiam,

177 2874 470 2968 Astronomiam,
487 2880 525 2952 et
543 2876 684 2977 species
703 2875 975 2952 divinationum
994 2875 1172 2976 plurimas
1188 2873 1303 2974 inqui-

178 2997 238 3090 rit,
267 2999 457 3075 examinat
485 3005 522 3076 et
550 3000 705 3101 perficit.
735 3001 912 3084 Quintam
942 3027 1037 3103 quae
1053 2998 1303 3102 corporalium

177 3123 471 3199 substantiarum
486 3128 662 3201 naturam
676 3125 890 3227 speculatur
904 3125 942 3201 in
958 3125 1091 3211 causis,
1108 3123 1300 3225 principiis

178 3252 216 3322 et
231 3247 444 3341 elementis3
474 3255 655 3350 quatenns
675 3251 828 3352 quisquo
852 3251 1014 3353 scipsum
1030 3249 1302 3351 contempletur

178 3373 216 3448 in
240 3375 390 3468 mundo,
419 3379 457 3451 et
472 3375 651 3451 mnndum
670 3377 708 3451 in
722 3378 842 3479 seipso
859 3403 868 3470 ;
885 3378 982 3454 unde
995 3376 1188 3479 perficitur
1202 3374 1301 3477 agri·

177 3495 337 3587 cultura,
358 3500 552 3592 medicina,
573 3501 744 3594 chimica,
774 3506 822 3596 et,
843 3502 1046 3580 secundum
1062 3525 1191 3577 omncs
1211 3524 1298 3574 suas

176 3624 330 3726 species,
345 3624 485 3726 Magia.
501 3625 657 3702 Sextum
672 3652 766 3728 quae
781 3628 947 3704 ordinem
965 3626 1136 3728 justitiae
1156 3624 1301 3701 absolu·

176 3754 250 3845 tac,
278 3751 546 3845 moderativae,
574 3753 826 3855 dispositivae,
855 3754 1128 3848 distributivae,
1147 3756 1185 3828 et
1203 3775 1301 3828 com-

175 3876 383 3953 mutativae
399 3876 558 3977 applicet
584 3879 667 3954 luri
696 3878 932 3980 Simpliciter,
947 3880 994 3955 ad
1013 3904 1052 3956 se
1067 3878 1205 3981 ipsum,
1231 3875 1301 3953 Oe·

175 4001 381 4093 conomico,
396 4001 442 4076 ad
458 4001 693 4092 domesticos
708 4004 879 4098 Politico,
894 4005 941 4081 ad
970 4004 1157 4094 concives,
1174 4001 1298 4093 Civili,

176 4125 224 4202 ad
238 4125 430 4229 proprium
448 4127 697 4230 principatum
712 4155 778 4206 sen
796 4129 1004 4232 imperinm,
1019 4126 1298 4219 Ecclesiastico,

172 4253 220 4331 ad
239 4258 388 4331 caetum
415 4255 581 4356 ejusdem
596 4256 693 4349 fidei,
708 4255 886 4333 Gentium
903 4256 951 4333 ad
965 4256 1135 4335 homines
1150 4254 1299 4333 univer-
