3442 5108
779 329 958 389 -eae-

233 565 237 573 ,
295 516 649 594 nebrae‚plenum,inane;
660 515 702 575 sie
717 535 773 576 non
788 521 856 576 sunt
869 518 978 594 plures,
994 534 1081 593 quam
1094 517 1178 589 soles,
1194 513 1322 589 tellures3
1336 532 1421 591 quam

294 626 426 706 tellures,
440 633 578 693 animalia
588 638 618 693 et
631 634 759 710 plantae.

736 877 879 943 CAPUT
903 877 961 941 IX.

320 1099 434 1155 Digreseio
453 1101 562 1158 quaedem
577 1117 605 1146 ex
619 1104 682 1148 dietis
700 1118 815 1149 resumens
832 1106 1083 1161 commemoranda(l):
1106 1113 1130 1150 ut
1147 1107 1169 1149 in
1183 1106 1286 1149 immobili
1304 1106 1387 1149 intinito

343 1201 446 1245 universo
456 1202 540 1246 infinita
549 1203 593 1246 sint
603 1205 698 1257 mobilia,
708 1205 806 1247 infinitae
816 1212 926 1247 astrorum
935 1204 1026 1259 synodi3
1041 1210 1066 1244 ut
1080 1202 1187 1244 Heracliti
1201 1203 1232 1256 (2)
1252 1214 1331 1243 seusus
1341 1207 1388 1243 stat

341 1297 419 1332 eontra
429 1293 554 1336 Aristotelis
565 1294 662 1336 rationes
671 1294 848 1338 invalidissimas:
856 1296 943 1338 minime
950 1305 1024 1338 autem
1032 1306 1126 1336 securus
1136 1302 1169 1335 est
1177 1292 1203 1348 (si
1213 1305 1241 1334 ex
1251 1292 1327 1334 relatis
1339 1305 1390 1334 vor-

341 1381 374 1425 bis
384 1384 479 1427 velimus
485 1387 599 1442 judicare)
607 1388 729 1430 secundum
738 1399 830 1432 naturae
841 1390 970 1432 veritatem:
986 1397 1009 1430 ut
1025 1401 1069 1430 non
1083 1387 1198 1430 commode
1209 1388 1237 1430 ad
1250 1397 1315 1428 unam
1335 1385 1388 1427 sub-

339 1481 434 1523 stantiae
443 1483 544 1538 sproiem,
555 1483 706 1526 universorum
715 1495 830 1540 corporum
847 1494 949 1528 naturam
960 1485 1094 1538 redegerant
1106 1482 1202 1537 antiqui,
1224 1480 1275 1523 alibi
1290 1479 1387 1534 proban-

339 1577 389 1620 dum
401 1579 439 1633 (3),
451 1580 500 1622 heic
510 1581 647 1636 supponitur:
658 1588 682 1624 ut
691 1583 811 1625 errantium
820 1582 880 1625 circa
894 1583 953 1624 buno
962 1581 1030 1624 solem
1040 1580 1097 1623 male
1111 1586 1147 1622 est
1157 1578 1260 1620 definitus
1282 1587 1386 1618 uumerus

338 1677 473 1722 mundorum.

372 1879 529 1945 Novimus
554 1888 588 1948 ut
611 1887 736 1949 tantum
759 1884 899 1968 spacium
923 1880 1148 1966 comprendere
1172 1880 1276 1963 possit

329 2008 391 2072 Tot
415 2029 546 2076 numero
570 2013 637 2077 sine
662 2012 723 2076 fine
747 2015 813 2077 suis
839 2013 1021 2096 regionibus
1046 2013 1160 2090 orbeis

328 2138 471 2212 Quorum
495 2142 548 2205 alii
572 2143 602 2205 in
628 2142 765 2226 reliquos
791 2144 875 2207 vires
896 2143 1092 2229 jaculentur,
1118 2150 1154 2209 ut
1178 2145 1272 2229 ignes

329 2264 473 2330 Ooeanos
497 2269 738 2356 ciromnstantes
765 2270 912 2347 feriende,
930 2273 1070 2336 vicissim

324 2395 470 2479 Frigoris
493 2402 526 2463 et
548 2399 640 2482 parili
665 2400 776 2486 plagas
799 2402 921 2466 virtute
946 2404 1122 2484 reportent.

323 2526 471 2594 Mutuum
496 2530 617 2597 interea
641 2531 800 2610 refovent,
826 2539 1035 2617 mutuamque
1059 2531 1211 2598 alimenta

324 2652 413 2719 Vitai
441 2663 570 2742 vegetes
594 2658 679 2725 ultro
703 2661 846 2744 nitroque
870 2660 1053 2725 ministrant

322 2779 412 2864 Heio,
438 2783 492 2848 ubi
515 2784 648 2852 discrete
672 2789 835 2854 contraria
858 2787 1093 2853 distribuuntur
1115 2786 1176 2871 (4),

323 2909 468 2995 Undique
492 2913 584 2979 finita
608 2923 643 2979 ut
669 2918 803 3000 perimat
826 2919 998 2999 pereatque
1022 2919 1180 2998 potestas:

321 3039 466 3124 Namque
490 3043 614 3110 infinito
638 3046 784 3128 quamvis
808 3047 851 3111 sit
875 3046 952 3111 latio
977 3046 1074 3122 nulla,

319 3168 392 3234 Non
419 3171 484 3236 ulla
508 3172 663 3247 alteritas,
688 3195 751 3239 non
777 3183 910 3254 crescat,
936 3198 999 3241 non
1023 3179 1199 3256 minuatur,

320 3297 402 3370 Quid
427 3301 574 3384 prohibet
598 3309 766 3387 partesue
790 3312 1026 3372 commutentur
1048 3309 1080 3370 in
1102 3309 1183 3392 ipso,

319 3424 424 3508 Atque
447 3425 552 3491 locum
576 3430 739 3507 mutando,
764 3432 813 3518 (5)
838 3432 923 3497 vices
948 3431 1092 3500 tribuant
1115 3436 1327 3520 capiantquel

318 3551 406 3627 Quas
429 3574 506 3620 sane
528 3563 637 3641 partes
659 3578 723 3623 non
748 3561 845 3644 ipsius
867 3583 945 3639 esse,
970 3563 1023 3628 sed
1048 3565 1106 3648 ipsi

317 3686 461 3770 iuquam;
487 3694 537 3753 vel
561 3691 667 3774 potius
692 3697 760 3758 toto
785 3696 1013 3761 consisterem
1038 3717 1111 3773 une,

316 3813 350 3880 Si
375 3821 481 3881 tamen
505 3826 563 3886 aut
587 3824 690 3887 totum
713 3829 770 3890 aut
793 3825 954 3910 integrunt
976 3792 1081 3895 dioere
1105 3836 1207 3916 possis

298 4068 330 4122 (1)
342 4066 357 4109 ll
368 4076 426 4112 testo
434 4070 476 4113 ha:
486 4083 696 4119 commemoranda.

297 4166 328 4219 (2(
339 4168 357 4209 ll
366 4174 425 4211 testo
435 4169 474 4212 ba:
487 4172 587 4215 Heracli.

295 4257 324 4311 (3(
334 4258 351 4299 ll
359 4265 418 4300 testo
427 4257 467 4302 ha:
482 4261 639 4315 proponerem.

296 4352 327 4405 (ll
337 4353 422 4400 Quarta
432 4351 521 4407 riegola
528 4367 540 4395 e
548 4353 572 4398 la
579 4356 711 4410 precedente
721 4368 832 4403 mancano
841 4359 877 4403 nel
892 4367 955 4405 testo.

296 4443 326 4498 (5)
337 4444 423 4492 Quem
432 4444 520 4502 virgeio
529 4459 611 4493 manea
617 4460 681 4505 pure.
