3442 5108
777 682 897 735 ARTIC.
918 685 954 733 V.

352 903 481 980 Unum
508 902 624 1004 igitur
652 903 838 980 infinitum
867 928 932 980 ens
961 903 1130 998 dicimus
1161 930 1207 981 ex
1238 931 1310 1007 quo
1339 908 1425 1010 qui·

300 1029 383 1104 dem
412 1027 507 1103 nihil
535 1029 664 1105 effluat
691 1029 894 1131 proprium,
924 1032 961 1105 et
989 1030 1027 1105 in
1055 1031 1152 1131 quod
1179 1031 1273 1108 nihil
1295 1032 1427 1109 influat

298 1156 552 1260 peregrinum.

800 1305 922 1359 narro.

352 1528 604 1606 Particularia
632 1554 677 1604 ea
695 1529 841 1605 ratione
860 1528 1136 1635 corruptionem
1155 1530 1280 1606 subire
1300 1533 1426 1611 dicun-

297 1663 378 1749 tur,
410 1657 499 1759 quia
517 1656 681 1758 partium
709 1656 972 1746 constantiam,
1002 1655 1181 1747 ordinem,
1202 1661 1240 1733 01
1268 1683 1429 1760 symme-

297 1783 421 1874 triam,
438 1806 549 1885 quam
569 1783 616 1858 ad
636 1783 706 1857 hoc
727 1782 786 1858 vel
805 1781 895 1857 illud
914 1782 1103 1883 integrum
1118 1783 1421 1860 constituendum

298 1908 520 2009 quandoque
538 1912 649 1983 nacta
664 1910 770 2000 sunt,
791 1908 989 1983 amittunt:
1019 1907 1081 1982 ubi
1100 1906 1204 1983 velut
1224 1934 1247 1983 a
1268 1909 1425 1986 diversis

299 2036 521 2111 continentis
550 2035 679 2111 mundi
708 2035 933 2135 regionibus
954 2035 1123 2110 diversae
1152 2034 1269 2110 veluti
1297 2041 1424 2139 partes

300 2163 474 2238 inunum
504 2162 738 2238 concorditer
766 2161 1044 2237 coalescebant:
1074 2161 1172 2236 unde
1197 2161 1336 2237 iterum
1356 2163 1428 2238 dis-

296 2289 431 2365 sidium
460 2313 722 2389 perpessurae,
753 2289 799 2362 011
829 2313 903 2363 uno
941 2288 988 2363 ad
1017 2287 1185 2363 diversas
1214 2288 1329 2363 veluti
1360 2315 1424 2365 re-

296 2414 426 2514 giones
455 2414 704 2513 emigralnmt.
735 2412 842 2495 Quod
871 2439 961 2489 sane
990 2413 1165 2491 continue
1184 2414 1310 2513 (etiam
1338 2441 1425 2492 cum

295 2540 544 2641 compositum
574 2540 712 2641 optime
741 2540 946 2616 consistere
974 2540 1139 2645 uidetur)
1168 2540 1425 2620 0111010111εεί-

295 2669 444 2770 quidem
473 2694 493 2742 e
522 2692 757 2769 quocumque
785 2667 989 2768 composito
1009 2667 1119 2770 (licet
1139 2669 1198 2743 11111
1225 2670 1345 2770 magis
1365 2696 1427 2771 ap-

295 2799 426 2895 pareat
448 2795 506 2870 ubi
528 2791 674 2890 minus)
703 2794 886 2894 quaedam
906 2793 974 2868 sibi
1003 2798 1179 2894 cognata,
1200 2773 1425 2898 propriaque

295 2916 475 3007 ellluunt,
505 2916 586 2990 aliis
616 2914 856 2991 influentibus
881 2915 1103 3016 peregrinis,
1124 2920 1161 2991 et
1181 2917 1422 3019 quoadusque

295 3042 387 3117 liaeo
416 3067 509 3143 quae
547 3040 593 3117 ad
628 3041 727 3117 vitae
765 3041 1039 3143 suppetentiam
1077 3041 1239 3135 faciunt,
1271 3047 1425 3119 extrusa

294 3192 369 3243 non
397 3167 556 3257 luerint,
585 3171 623 3243 et
651 3192 745 3268 quae
774 3167 820 3242 ad
849 3167 1044 3269 compositi
1073 3167 1186 3244 fatale
1214 3168 1421 3245 detrimen-

294 3296 374 3367 turn
403 3291 593 3369 sufficiunt
621 3293 769 3368 intrusa
797 3317 872 3368 non
891 3293 1056 3385 luerint,
1080 3298 1264 3386 constare,
1283 3293 1423 3384 vivere,

295 3443 409 3493 unuin
441 3418 612 3520 idemque
641 3419 806 3494 creditur
824 3443 905 3494 esse
924 3419 1168 3496 individuum.
1189 3419 1417 3496 Universum

295 3545 600 3637 veroinfinitu1n‚
621 3545 681 3622 cui
701 3545 794 3620 nilril
815 3549 870 3621 est
890 3549 1014 3641 extra,
1030 3572 1099 3624 nec
1123 3551 1223 3623 certo
1242 3547 1339 3649 quod
1354 3573 1416 3649 pe-

294 3671 486 3770 regrinum
515 3671 567 3745 illi
596 3672 749 3748 accedat
777 3671 908 3760 habet,
937 3698 1006 3750 nec
1026 3699 1098 3776 quo
1118 3675 1197 3775 ejus
1213 3673 1415 3749 domestica

293 3796 339 3871 ab
368 3795 447 3896 ipso
475 3797 655 3873 recedant
682 3795 864 3897 agnoscit.

771 4071 891 4125 nume.
906 4071 954 4124 vl.

347 4300 470 4401 lpsum
499 4303 600 4375 certo
628 4299 925 4377 substantialiter
954 4302 1011 4374 est
1040 4297 1263 4373 innnensum
1292 4297 1420 4393 chaos,
