3442 5108
242 498 334 558 Medii
349 516 419 575 ergo
435 500 674 577 imaginationem
691 502 962 579 praetermittamus
977 519 1053 574 carn,
1065 504 1095 561 et
1109 499 1275 560 naturalem
1291 500 1328 560 il-

199 620 257 679 lam
275 621 413 696 gravium
428 623 606 698 leviumque,
622 623 781 701 superioris
796 627 826 682 et
840 622 987 683 inferioris
1002 622 1038 682 ad
1055 626 1153 699 partes
1178 626 1265 682 extra
1278 624 1329 684 tel·

197 738 270 798 luris
291 741 473 817 sphaeram,
494 741 714 801 habitudinem:
739 747 826 802 extra
846 741 984 801 tellurem
1007 743 1113 819 quippe
1136 740 1165 799 in
1186 743 1328 801 aetherea

197 858 317 932 regione
333 857 357 916 si
374 859 486 935 positus
501 859 669 933 inveniare,
684 878 741 917 non
756 859 852 937 magis
865 861 903 919 ad
917 859 994 919 istud
1012 878 1101 936 quam
1122 860 1159 918 ad
1176 859 1329 936 quodcun-

197 993 253 1050 que
267 981 416 1035 astrorum
433 977 514 1038 aliud
530 979 677 1038 videbere:
694 996 786 1056 neque
798 979 893 1054 magis
907 980 943 1037 ab
955 980 1011 1038 isto
1026 997 1131 1038 versus
1146 979 1328 1054 alios,quam

195 1094 232 1151 ab
247 1094 314 1153 aliis
330 1096 488 1156 ascendere
503 1115 608 1158 versus
623 1099 723 1159 istud:
741 1100 868 1175 uallique
882 1100 960 1158 enim
981 1099 1115 1158 omuibus
1139 1099 1263 1175 aequale
1283 1103 1331 1156 est

195 1218 319 1278 coelum.
335 1219 384 1278 Sic
403 1220 509 1299 quippe
531 1224 560 1280 ln
577 1220 716 1281 universo
737 1221 846 1298 ubique
867 1227 912 1280 est
933 1220 1081 1295 medium,
1101 1220 1177 1279 sicut
1200 1222 1230 1278 et
1250 1218 1328 1278 circa

195 1337 309 1397 telluris
329 1356 493 1397 convexum
511 1340 616 1415 ubique
630 1339 791 1398 horizontis
804 1343 850 1399 est
866 1342 1008 1399 centrum.

234 1455 307 1514 Cum
326 1456 413 1515 tellus
429 1458 467 1515 sit
482 1457 613 1534 ejusdem
636 1459 743 1536 speciei
758 1464 849 1536 atque
866 1461 944 1531 luna,
960 1458 1125 1535 reliquique
1144 1458 1288 1534 planetae,
1297 1459 1327 1515 et
1392 1468 1398 1477 ’

194 1591 384 1652 unaquaeque
404 1577 513 1653 species
528 1581 572 1650 (ut
588 1595 688 1636 omncs
702 1581 891 1653 cognoscunt)
907 1577 945 1636 sit
960 1577 1154 1635 determinata
1183 1576 1219 1633 ad
1237 1574 1328 1632 maxi-

193 1719 270 1760 mam
292 1702 500 1779 minimamque
515 1702 721 1778 quantitatem,
735 1702 811 1762 sicut
833 1701 1001 1759 adultorum
1016 1700 1165 1759 hominum
1181 1704 1226 1758 est
1248 1699 1324 1757 ratio

192 1838 249 1895 qua
265 1838 321 1879 non
337 1821 378 1878 sit
401 1825 516 1879 statura
530 1821 634 1892 minor,
649 1824 679 1879 et
695 1820 770 1878 ratio
786 1836 845 1895 qna
860 1834 915 1876 non
933 1816 971 1875 sit
986 1821 1102 1876 statura
1114 1817 1221 1893 major,
1230 1816 1322 1897 (mon-

191 1939 260 1997 stris
289 1936 478 1996 nihilominus
493 1937 522 1996 in
538 1944 621 1994 tanto
636 1955 735 1994 rernm
752 1935 946 1994 illustriorum
962 1935 1064 1994 ordine
1088 1935 1326 2010 praetermissis),

190 2054 233 2113 ita
247 2057 276 2113 et
290 2054 320 2112 in
354 2054 455 2112 ordine
477 2053 682 2130 planetarum,
697 2057 786 2128 atquo
811 2052 1008 2111 constantium
1039 2057 1187 2110 astrorum
1206 2070 1262 2110 non
1287 2049 1323 2109 ad

191 2171 412 2246 quantamlibet,
435 2171 486 2230 sed
502 2172 539 2230 ad
554 2177 666 2230 certam
679 2170 865 2230 latitudinem
881 2170 939 2228 alia
951 2169 1016 2228 aliis
1031 2169 1145 2245 maj0ra
1160 2167 1325 2244 intelligere

190 2289 493 2367 wmdmm

231 2406 353 2466 Tellure
368 2425 466 2467 annuo
480 2413 560 2469 motu
576 2409 656 2468 circa
669 2410 763 2470 solem
779 2429 810 2470 se
825 2413 1019 2470 convertente
1039 2413 1151 2487 pariter
1172 2414 1259 2486 atque
1273 2428 1322 2471 re·

191 2525 260 2602 liqui
277 2525 441 2603 planetae,
469 2546 594 2603 quorum
617 2530 750 2589 nonnulli
775 2548 891 2608 semper
912 2535 981 2591 suut
1006 2530 1171 2606 perspicui,
1193 2530 1324 2588 nonuulli

189 2664 266 2717 rare,
285 2648 333 2722 qui
349 2646 525 2721 obliquiores
540 2649 577 2708 ad
592 2653 722 2708 nostrum
739 2656 890 2726 aspectum
903 2648 973 2708 solis
988 2650 1086 2707 radios
1098 2649 1261 2726 excipiunt,
1273 2649 1321 2724 qui

189 2775 219 2829 et
234 2769 288 2827 hac
303 2767 339 2824 de
354 2784 443 2824 causa
458 2770 575 2842 comati,
598 2771 645 2828 vel
661 2770 797 2842 barbati,
820 2771 866 2828 vel
888 2770 1005 2828 candati
1028 2775 1181 2847 apparent,
1204 2774 1237 2827 ut
1257 2785 1323 2845 pro·

184 2895 282 2972 jectus
298 2897 455 2957 defluentis
470 2889 607 2965 imaginis
619 2888 724 2965 objecti
741 2887 857 2948 luminis
872 2888 1017 2964 speculari
1033 2908 1051 2947 a
1065 2888 1219 2965 superficie
1229 2887 1321 2959 (nem-

188 3036 223 3094 pa
238 3019 345 3095 aquea)
360 3015 533 3097 repercussi,
549 3021 683 3088 respectu
700 3018 808 3084 nostro,
825 3030 942 3071 sursum
958 3013 1004 3071 vel
1021 3013 1166 3087 deorsum,
1178 3015 1321 3076 dextror-

187 3155 251 3196 sum
268 3139 314 3197 vel
328 3137 541 3208 sinistrorsum,
556 3133 676 3193 labitur:
692 3132 821 3191 nonnulli
838 3151 908 3190 vero
924 3151 1072 3209 nunquam
1088 3143 1249 3212 apparent,
1271 3138 1321 3214 qui

187 3274 244 3315 nou
266 3274 318 3332 per
333 3272 398 3315 cam
414 3255 486 3314 coeli
502 3258 616 3330 partem
629 3250 809 3323 deferuntur,
824 3268 841 3308 e
856 3268 915 3327 qua
927 3252 965 3310 ad
988 3257 1121 3311 nostrum
1136 3259 1286 3329 aspectum
1301 3273 1319 3314 a

187 3379 248 3437 sola
262 3385 417 3455 conceptos
433 3377 531 3436 radios
547 3375 718 3445 emittendo,
732 3372 931 3450 praesentiam
946 3391 1049 3432 eornm
1068 3374 1098 3432 in
1120 3375 1201 3432 coelo
1216 3379 1319 3437 conte·

186 3504 311 3559 stentur.
328 3498 371 3556 De
386 3516 443 3572 qno
459 3511 551 3573 aequa
567 3494 783 3555 rationabiliter
797 3494 932 3552 dubitare
947 3494 1090 3572 quispiam
1107 3501 1215 3572 posset,
1231 3504 1319 3574 atquo

186 3620 291 3696 aliquis
306 3618 354 3694 qui
373 3638 428 3676 non
446 3618 519 3677 alias
533 3636 580 3695 per
598 3636 696 3677 aerem
711 3616 878 3676 discurrere
900 3617 1035 3677 volucres
1049 3618 1211 3692 existimet,
1227 3640 1315 3698 quam

186 3758 259 3818 quus
273 3757 325 3818 per
346 3739 401 3798 sibi
423 3737 537 3797 urticam
558 3743 705 3814 patentem
727 3737 887 3797 fenestram
909 3737 971 3816 ipse
993 3738 1094 3797 videat
1113 3743 1315 3817 [tertransiroz

186 3861 233 3919 vel
259 3865 304 3920 tot
325 3877 388 3919 csso
410 3864 525 3918 tantum
547 3861 720 3918 umbrarum
742 3859 840 3930 ideas,
862 3867 932 3934 quot
954 3858 982 3916 in
1003 3866 1089 3918 antro
1111 3862 1244 3922 Platonis
1266 3863 1317 3922 illo

185 3984 363 4043 constitutus
378 4000 394 4040 a
411 3982 520 4043 lumina
534 4000 656 4043 aversus
672 3984 700 4042 iu
718 3981 932 4059 profunditates
946 3982 989 4062 (l)
1005 3983 1068 4060 ejus
1080 3998 1318 4044 cuveaoenumc·

185 4105 276 4162 raudo
293 4104 390 4162 valcat
403 4101 543 4178 colligere
553 4107 761 4180 pervagantes:
777 4102 819 4161 sic
833 4101 911 4160 cuim
921 4102 951 4160 in
967 4100 1122 4161 latitudine
1131 4102 1203 4161 coeli
1213 4101 1315 4181 (quam

185 4229 377 4305 amplitudine
399 4230 508 4289 zodiaci
524 4229 676 4290 definitam
697 4228 871 4309 accipimus)
893 4234 1009 4292 tantum
1030 4230 1066 4292 ad
1088 4234 1240 4309 aspectum
1261 4248 1315 4292 uo·

213 4389 243 4450 (l)
257 4391 273 4434 n
285 4397 343 4435 tosto
353 4393 389 4439 ba:
399 4391 580 4448 profundando.
1112 4447 1152 4508 44
