3442 5108
727 343 907 405 -179-

260 534 434 608 circuunt
451 528 528 632 (l),
545 531 641 606 sicut
660 531 791 632 igneus
811 530 881 606 iste
900 530 956 605 sol
975 530 1013 606 in
1034 532 1155 607 medio
1178 555 1382 633 aqueorum

259 681 468 759 corporum.
489 656 550 731 Fit
569 658 706 739 autem,
728 663 769 731 ut
788 656 1022 756 planetarum
1042 658 1276 758 quorundam
1303 658 1380 733 cir-

259 810 302 860 ca
322 781 476 875 solea,lri
495 782 643 882 quidcm
664 783 835 880 rrraj0res‚
856 782 894 856 hi
920 806 1004 858 vero
1024 783 1185 859 minores
1201 784 1380 860 circuitus

258 907 479 992 conficiant,
501 911 542 980 ut
559 906 734 981 tarditate
754 905 1028 1006 elongationem
1047 905 1105 1010 (2)
1120 912 1379 1009 compensent,

257 1039 299 1110 ut
326 1035 478 1136 inquam
502 1057 619 1133 aeque
647 1031 792 1108 calefiat
811 1032 1013 1108 tardatiore
1031 1037 1135 1109 motu
1156 1034 1351 1110 distantius
1368 1079 1378 1112 9

255 1165 367 1261 atquc
386 1157 575 1234 velociore
585 1156 837 1259 propinquius.
850 1157 924 1234 Soli
946 1158 1249 1235 auteminmedio
1265 1156 1373 1235 suffi-

256 1286 319 1377 cit,
343 1289 385 1360 nt
399 1284 580 1359 minorem
599 1307 666 1383 per
685 1281 882 1359 circuitum
902 1291 1112 1375 moveatur,
1132 1288 1197 1359 aut
1216 1284 1273 1389 (ut
1292 1283 1378 1384 qui-

255 1410 341 1485 dam
358 1405 545 1510 judicant)
572 1411 731 1482 maneat.
752 1407 855 1482 Haec
874 1408 905 1483 si
934 1409 985 1483 ita
1014 1409 1101 1498 sint,
1130 1431 1240 1512 qnam
1268 1407 1379 1509 longo

255 1528 477 1607 Aristoteles
501 1533 628 1604 noster
647 1530 796 1602 aberrat
815 1554 838 1602 a
857 1528 1026 1604 veritatis
1046 1555 1170 1630 scopo,
1192 1528 1251 1605 ubi
1283 1554 1377 1606 cau-

252 1664 334 1733 ‘sam
367 1656 528 1743 adducit,
549 1680 623 1757 qua
642 1654 834 1731 stellarum
855 1657 1038 1757 quaedam
1066 1657 1228 1744 tardius,
1258 1682 1376 1759 quae-

253 1784 339 1858 dam
370 1782 547 1872 velocius,
568 1782 750 1884 quaedam
770 1781 948 1883 pluribus
978 1784 1158 1885 quaedam
1187 1784 1376 1886 pauciori-

253 1911 324 1984 bus
343 1910 504 1985 motibus
525 1909 777 2010 exagitantur,
797 1934 864 1985 cur
892 1909 953 1985 illc
972 1910 1139 2012 pluribus
1167 1911 1375 1986 innumeri-

248 2035 389 2135 risquo‚
412 2035 449 2110 lri
471 2060 558 2110 vero
581 2061 653 2110 una
673 2040 819 2111 tantum
839 2037 946 2112 stella
975 2037 1137 2113 illustres
1166 2040 1369 2139 torquean-

251 2167 314 2237 tur
328 2162 447 2237 orbes.

691 2312 810 2363 .·ruru·.
832 2313 941 2365 mun.

302 2540 415 2613 ,lstra
435 2535 549 2636 igitur
570 2535 709 2613 omnia.
731 2536 829 2613 ultra
848 2535 1002 2614 Saturni
1027 2535 1254 2626 distantiam,
1276 2563 1373 2638 quo·

250 2688 331 2738 rom
351 2661 474 2737 nullus
495 2665 618 2735 motus
643 2660 804 2751 videtur,
825 2667 863 2737 at
882 2689 977 2764 quac
1006 2659 1231 2751 scintillant,
1262 2660 1368 2762 ignes

247 2794 345 2879 sunt,
368 2788 446 2863 sire
459 2786 566 2862 solos:
587 2787 631 2861 ad
653 2787 832 2886 exiguum
852 2790 962 2880 enim,
975 2784 1163 2887 orionus)
1182 2786 1281 2862 intra
1300 2793 1372 2865 ter·

247 2939 307 2988 ras
337 2938 446 3004 suaS,
476 2912 557 2988 illos
577 2912 702 2987 itidem
724 2914 822 2990 intra
850 2920 969 2990 terras
999 2912 1140 2988 moveri
1170 2922 1369 2990 consenta-

245 3063 357 3116 ncum
378 3043 446 3114 est.
467 3039 635 3139 Ipsorum
652 3038 803 3115 tellures
823 3064 888 3115 seu
908 3063 1025 3140 aquae
1045 3062 1118 3112 non
1139 3041 1226 3112 sunt
1246 3036 1370 3113 visibi-

244 3165 297 3241 les
320 3171 471 3266 propter
490 3164 686 3239 distantiae
707 3172 949 3250 momentum,
971 3173 1009 3239 ot
1028 3163 1114 3264 quia
1128 3168 1217 3237 sunt
1236 3163 1359 3239 mino-

244 3319 286 3367 ra
310 3316 492 3390 corpora,
513 3294 641 3390 utpote
660 3291 710 3364 ita
731 3292 776 3366 ad
797 3317 883 3367 suos
904 3288 998 3364 soles
1019 3287 1361 3390 proportionabiles,

244 3424 284 3493 ut
305 3417 398 3492 istac
418 3418 464 3491 ad
485 3441 599 3491 unum
621 3416 745 3507 istum,
765 3424 802 3491 et
822 3416 1009 3517 (prumiam,
1031 3439 1125 3516 quac
1153 3413 1363 3515 speculari-

242 3549 298 3619 tcr
319 3542 465 3621 lucent.
495 3566 568 3617 non
588 3542 681 3618 adeo
711 3542 856 3641 longius
887 3541 1111 3616 visibilitatis
1140 3539 1363 3616 diametrum

241 3671 405 3759 servant,
427 3693 470 3742 ac
490 3667 741 3769 principalitar
761 3667 1002 3769 splendentia.
1024 3668 1121 3743 Hinc
1150 3666 1334 3742 Saturnus
1351 3725 1360 3759 ,

239 3796 397 3898 Jupiter,
417 3794 531 3885 Mars,
549 3794 691 3886 Venus
711 3794 919 3871 Mercurius
939 3799 976 3868 ct
996 3793 1126 3882 Luna,
1147 3817 1242 3895 quae
1271 3800 1360 3868 sunt

276 4048 287 4127 (
294 4047 321 4125 l)
337 4049 361 4106 Il
376 4045 498 4105 Gsrorer
512 4065 662 4123 corrcgge:
677 4045 939 4106 circumeuntC'e
951 4053 1020 4125 pero
1034 4049 1221 4114 circumeas
1231 4045 1361 4116 cr'rcueo,

236 4148 283 4206 dal
296 4145 363 4223 qual
378 4146 479 4204 ultimo
496 4146 516 4204 il
532 4145 631 4204 Bruno
646 4147 683 4203 ho
697 4150 811 4204 cavrrto:
825 4146 980 4208 circuunt.

277 4248 320 4324 (l)
337 4248 362 4307 Il
376 4252 451 4305 testo
467 4247 505 4305 lro
519 4248 720 4321 eloupatiom':
735 4252 847 4305 riccetto
863 4246 891 4304 la
902 4245 1066 4304 corrosione
1080 4244 1128 4303 del
1142 4243 1275 4302 Gsrorer.

276 4349 320 4424 (3)
336 4349 360 4408 ll
375 4348 496 4409 Gl'rorer
510 4363 659 4423 correggc:
675 4349 779 4419 ratum,
789 4364 875 4406 senza
886 4345 1037 4406 necessita.
