3442 5108
805 279 986 340 -228-

362 466 511 552 Metaque
535 467 642 531 delato
665 463 715 552 (1)
739 464 872 530 ulterius
894 463 940 527 sic
964 461 1163 526 transiliatur

359 599 451 664 Unde
474 599 559 664 aliud
584 599 728 683 spacium
751 597 807 664 tibi
831 595 1053 663 constituatur
1077 599 1214 677 oportet,

359 731 452 805 Quod
475 749 600 815 quoque
622 731 649 793 si
674 726 816 803 claudas,
840 724 935 810 parili
959 725 1151 808 argumento
1175 719 1346 804 aperimus.

357 867 390 932 Si
414 885 478 930 non
501 863 675 949 pertransit
694 860 853 948 Jaculum,
876 854 961 941 quod
985 855 1135 932 mittitur,
1161 851 1259 931 ultra,

357 997 425 1072 Est,
449 993 533 1079 quod
558 992 600 1057 ibi
624 995 750 1058 statuas
772 987 940 1076 prohibere
958 984 1007 1072 (2)
1031 984 1221 1066 obstareque
1242 981 1372 1067 pollens,

356 1128 538 1192 Dimensum
563 1127 696 1211 pariter,
720 1123 898 1207 quicquam,
924 1117 1008 1203 quod
1032 1123 1065 1184 et
1090 1117 1229 1200 undique
1253 1114 1394 1192 claudat;

356 1260 538 1325 Dimensum
562 1257 622 1322 hoc
645 1254 741 1335 aliud,
766 1273 829 1319 nou
855 1255 891 1317 ut
915 1255 990 1317 actu
1013 1254 1062 1315 est
1085 1250 1266 1313 animorum

356 1393 551 1460 Contentum
574 1408 699 1474 corpus,
723 1385 846 1451 formae
870 1388 945 1449 actu
969 1381 1192 1462 materiesque.
1211 1375 1260 1463 (3)

356 1517 418 1585 Sed
440 1517 507 1582 scio
530 1513 606 1598 quid
628 1513 722 1592 dices,
746 1495 910 1576 sacratam
933 1509 1021 1572 tutus
1046 1504 1086 1569 ad
1111 1522 1213 1577 aram,

354 1646 505 1731 Corporis
528 1648 561 1710 et
583 1643 682 1728 spacii
708 1647 741 1708 et
763 1641 859 1706 vacui
880 1638 918 1706 fit
938 1637 1105 1715 terminus,
1129 1637 1245 1709 omnia,
1267 1633 1315 1719 (4)

353 1773 551 1855 Solvensque
575 1769 634 1834 hos
658 1767 758 1833 nodos
781 1787 863 1833 unus
887 1767 940 1850 qui
963 1767 1013 1830 est
1035 1764 1142 1829 omnia
1165 1763 1261 1828 solus.

348 1990 456 2048 Omnes
470 1987 557 2046 talem
572 1984 718 2062 accipiunt
731 1984 826 2044 locum
841 2001 894 2060 per
907 1982 1059 2057 accidens,
1084 1984 1164 2060 quali
1179 2003 1215 2044 ne
1229 2001 1282 2062 per
1295 1983 1430 2045 accidens

308 2113 425 2190 quidem
439 2108 494 2169 loci
509 2107 640 2168 delinitio
654 2110 820 2183 competere
841 2104 941 2182 possit.
957 2103 988 2162 Si
1002 2104 1081 2163 enim
1095 2108 1141 2163 est
1166 2103 1336 2180 superficies
1361 2120 1430 2164 cor-

305 2232 396 2309 poris,
411 2229 475 2288 sive
489 2226 620 2287 contenti
634 2226 697 2285 sive
711 2226 896 2297 continentis,
911 2227 975 2285 sive
990 2244 1119 2286 concava
1133 2226 1197 2287 sive
1216 2243 1360 2300 convexa,
1375 2226 1433 2287 mi-

306 2345 390 2405 nistri
405 2350 451 2403 est
465 2340 522 2423 (5),
539 2343 616 2418 quod
632 2360 688 2400 non
703 2345 876 2419 potestesse
890 2341 1071 2414 immobilis,
1086 2360 1173 2419 quam
1196 2341 1432 2402 immobilitatem

305 2464 411 2524 ultima
431 2461 609 2524 definitionis
623 2462 679 2521 loci
695 2462 860 2522 differentia
870 2463 1012 2538 requirit,
1028 2482 1085 2522 non
1100 2464 1194 2522 solum
1212 2463 1302 2540 juxta
1316 2462 1433 2523 Aristo·

305 2585 409 2656 talem,
423 2583 475 2642 sed
490 2600 592 2641 omnes
608 2581 866 2657 quomodocunque
880 2585 992 2640 motum
1006 2581 1225 2642 definienteszet
1238 2582 1353 2654 meritc,
1364 2584 1432 2660 quia

305 2704 335 2763 in
350 2704 414 2763 loco
429 2707 460 2763 et
474 2702 633 2762 secundum
648 2701 818 2774 locum‚non
833 2700 889 2760 loci
904 2702 992 2762 debet
1005 2680 1183 2778 essemctus,
1191 2709 1341 2782 oporteret
1351 2706 1429 2766 enim

304 2824 413 2901 alioqui
429 2825 523 2882 locum
540 2840 602 2881 asse
617 2821 762 2896 locatum,
787 2821 863 2883 sicut
887 2824 1036 2898 vestini,
1051 2828 1209 2902 quodcum
1229 2832 1260 2888 et
1282 2827 1377 2905 ipsum
1390 2828 1430 2890 sit

303 2964 418 3020 corpus,
433 2948 568 3002 moretur
582 2941 742 3002 secundum
755 2943 864 3003 locum.
880 2943 911 3002 Si
926 2945 1025 3004 dicant
1046 2947 1230 3022 superficiem
1245 2949 1356 3008 moveri
1377 2968 1430 3027 per

303 3059 446 3131 accidens,
462 3058 529 3134 quia
544 3064 640 3118 motus
654 3074 707 3135 per
720 3075 751 3117 sa
766 3060 881 3136 corpori
895 3061 1053 3134 convenit,
1077 3067 1148 3121 tunc
1169 3082 1225 3122 non
1247 3069 1325 3124 esset
1346 3066 1424 3141 quod

302 3176 475 3238 Aristoteles
489 3177 652 3252 distinguat
665 3177 761 3237 locum
775 3177 940 3239 naturalem
953 3196 971 3236 a
985 3197 1065 3239 vasa:
1081 3181 1201 3257 proinde
1216 3183 1267 3243 illa
1284 3184 1424 3245 differen-

301 3296 344 3354 tia
358 3299 436 3355 esset
449 3295 598 3372 superflua
611 3297 641 3354 in
656 3295 776 3354 definito
791 3342 799 3369 ‚
824 3297 894 3372 quia
907 3297 1127 3374 superficierum
1142 3320 1199 3361 nou
1220 3306 1264 3362 est
1279 3303 1338 3362 alia
1359 3320 1424 3362 mo·

327 3500 335 3554 (
340 3501 359 3555 l)
370 3500 515 3544 Sottiutoudi:
533 3503 585 3544 telo.

326 3590 357 3644 (9)
372 3591 388 3632 11
396 3597 455 3634 testo
464 3591 503 3633 lm:
518 3593 643 3646 probibere.

326 3686 357 3739 (3)
369 3687 451 3733 Quaero
461 3686 552 3740 periodo
561 3699 643 3731 manca
652 3688 730 3732 allatto
740 3689 761 3732 dl
772 3691 956 3745 punteggiatura.
967 3694 990 3736 lo
1001 3693 1016 3735 l'
1023 3695 1051 3737 hc
1060 3695 1132 3740 luteae
1141 3698 1196 3742 cosi:

326 3777 374 3853 «552¹
381 3776 501 3827 jaculum,
511 3780 573 3831 quod
591 3781 702 3830 maestae,
717 3791 766 3824 ocu
777 3785 908 3838 pertransit
927 3787 999 3837 adra,
1008 3791 1187 3844 euquthocm‚
1202 3796 1265 3846 quod
1282 3797 1314 3837 iti
1332 3804 1426 3842 stateras

297 3873 386 3922 pollens
398 3875 529 3926 prohibere,
540 3881 561 3916 rt
570 3875 669 3928 obstare,
679 3881 700 3919 et
711 3878 773 3930 quod
788 3878 896 3933 undiquc
905 3881 1009 3934 claudet,
1021 3880 1151 3925 dimensum
1162 3887 1268 3938 prsri'rcr,¹
1285 3888 1421 3933 dianensem

297 3962 421 4012 toccum,
430 3973 479 4006 uon
489 3970 515 4006 ut
523 3976 608 4019 corpur
615 3971 648 4008 ast
656 3973 792 4011 contentum
802 3977 857 4013 ortu
868 3973 1012 4025 animorum,
1022 3983 1044 4017 et
1055 3978 1164 4020 materies
1174 3986 1229 4021 actu
1239 3982 1336 4031 formem.

323 4052 354 4106 (l)
365 4053 450 4100 Questa
464 4055 551 4109 virgula
566 4070 578 4098 c
592 4057 615 4100 la
625 4058 756 4112 precedente
766 4072 875 4104 muncuno
885 4063 920 4106 nel
929 4069 999 4108 testa:
1016 4077 1042 4109 ce
1056 4066 1077 4109 le
1091 4068 1120 4112 hc
1133 4072 1382 4124 praeappellatum
1393 4089 1423 4120 vu

294 4156 336 4187 con
346 4148 458 4200 corporis,
468 4160 510 4191 non
520 4149 560 4203 giu
572 4161 613 4192 con
624 4152 750 4204 terminos,
760 4155 788 4196 ut
798 4165 840 4197 oon
849 4155 865 4197 1·
871 4155 940 4200 inemo
948 4165 1064 4213 sequente

322 4236 354 4289 (5)
366 4237 397 4278 la
407 4237 496 4283 sintassi
505 4252 548 4283 uon
560 4253 629 4285 corre.
640 4244 720 4286 luveee
730 4244 751 4287 di
761 4245 812 4300 qual
821 4248 934 4302 unicum,
945 4249 1037 4293 chonon
1049 4253 1117 4307 parmi
1126 4253 1147 4295 ci
1162 4253 1232 4298 abbia
1242 4256 1301 4300 nulla
1315 4258 1345 4302 du
1359 4259 1416 4311 sura.

294 4328 392 4370 metterai
403 4331 562 4386 menifestum,
573 4333 601 4376 ed
612 4333 626 4376 il
636 4345 703 4378 senso
711 4336 849 4380 correrebbe.
