3442 5108
769 346 945 409 -217-

306 534 423 610 indieei;
432 534 508 594 sicut
521 538 552 593 et
565 532 652 593 linem
667 531 752 592 unius
762 533 864 610 sylvae
875 531 1019 609 quispiam
1032 547 1117 590 sensu
1131 524 1265 588 constare
1274 527 1339 588 ideo
1351 528 1432 590 dixe·

306 656 357 727 rit,
368 656 435 730 qnia
450 653 575 713 ulterius
588 655 708 712 arbores
722 652 820 711 nullae
833 653 997 711 videantur.
1012 648 1075 708 Nos
1091 668 1161 708 vero
1176 654 1216 724 et,
1232 654 1343 724 contra,
1364 651 1429 708 uni-

307 772 385 830 versi
404 771 578 830 infinitatem
594 788 682 829 sensu
697 775 832 829 constare
846 769 978 842 dicimus,
993 769 1063 844 quia
1084 768 1208 838 ulterius
1226 771 1262 828 ad
1277 766 1434 828 horizontis

307 893 453 968 margines
468 891 713 968 adproperantem
733 907 835 948 sensus
846 906 960 966 semper
970 888 1129 949 horizontis
1140 893 1272 949 centrum
1287 889 1432 949 facitesse

305 1011 439 1070 comitem
453 1010 649 1069 individuum:
671 1009 713 1069 ita
726 1014 757 1068 ut
769 1011 862 1069 eidem
873 1027 1073 1087 quemcunque
1102 1010 1166 1089 ejus
1181 1030 1255 1088 quae
1269 1012 1431 1089 apparebat

305 1125 488 1204 peripheriae
502 1129 640 1203 punctum
655 1124 726 1185 iacit
739 1125 799 1198 (ubi
814 1126 864 1184 illo
878 1143 909 1185 se
923 1126 1095 1202 contulerit)
1115 1145 1180 1187 esse
1194 1131 1338 1187 centrum.
1356 1126 1432 1186 Hinc

303 1254 334 1307 et
348 1250 433 1307 docet
447 1266 560 1321 sensus,
575 1249 652 1324 quod
673 1247 697 1306 si
720 1248 748 1306 in
764 1251 912 1308 astrorum
927 1250 985 1309 alio
999 1269 1172 1330 quocunque
1193 1270 1331 1327 essemus,
1353 1251 1429 1330 pari-

303 1373 421 1427 ternos
437 1369 466 1429 in
482 1372 581 1427 centro
595 1384 669 1438 esse,
682 1370 712 1426 et
727 1366 864 1426 tellurem
886 1386 942 1428 non
963 1369 1061 1430 minus
1080 1371 1147 1432 inde
1164 1371 1201 1431 ad
1221 1371 1430 1433 circumferen-

303 1487 393 1546 tiales
414 1492 514 1564 partes
528 1488 676 1564 pertinere
691 1487 850 1548 videretur.

343 1609 389 1667 lta
402 1628 454 1668 nee
465 1627 550 1668 sensu
559 1606 654 1667 iudice
665 1608 826 1684 decipietur
836 1626 979 1683 asserens,
987 1612 1140 1672 stellarum
1150 1614 1276 1675 fixarum
1287 1614 1429 1690 quasdam

280 1799 285 1810 .
303 1728 341 1785 ad
359 1728 484 1786 invicem
499 1745 563 1786 esse
579 1726 781 1803 proximiores,
794 1745 881 1804 quam
895 1729 954 1788 sint
964 1731 1047 1790 Luna
1057 1736 1087 1790 et
1098 1733 1208 1806 Tellus,
1218 1734 1304 1794 Solet
1318 1736 1429 1811 Tellus,

302 1850 404 1908 Tellus
424 1854 454 1908 et
470 1848 624 1922 Saturnus3
637 1853 669 1908 nt
683 1854 826 1927 apparent
839 1849 982 1923 Pleiades,
996 1870 1063 1910 cum
1076 1856 1175 1913 tamen
1190 1859 1296 1914 natura
1310 1874 1366 1915 nen
1378 1874 1427 1934 pa·

303 1969 396 2027 tiatur
426 1968 516 2028 solem
537 1969 591 2028 soli
612 1969 678 2044 plus
700 1986 764 2028 esse
784 1969 994 2047 propinquum,
1014 1973 1105 2031 fixam
1126 1991 1229 2050 nempe
1251 1974 1366 2033 stellam
1393 1974 1427 2033 fi-

301 2110 358 2151 xae
370 2092 431 2170 (1),
443 2110 530 2168 quam
546 2093 585 2152 sit
599 2090 642 2151 sol
656 2091 712 2150 iste
727 2108 793 2150 cum
808 2090 901 2150 altero
915 2091 949 2150 de
960 2091 1196 2169 proximioribus,
1211 2112 1296 2172 quem
1311 2113 1349 2156 ex
1363 2113 1427 2157 ma·

301 2213 463 2289 gnitndinis
480 2213 596 2272 ratione
611 2209 780 2268 viciniorem
795 2209 1044 2285 cognoscimusld
1056 2229 1126 2270 vero
1138 2212 1355 2290 ita(antequam
1370 2214 1428 2274 ali-

301 2336 347 2389 ter
363 2331 391 2389 in
408 2329 618 2407 posterioribus
633 2325 787 2405 probetur)
802 2344 889 2385 sensu
906 2345 1019 2402 quoque
1034 2328 1181 2386 constabit
1194 2346 1259 2387 esse
1273 2329 1424 2406 possibile:

301 2451 378 2509 sicut
398 2449 515 2508 abarce
530 2448 623 2507 Caleti
637 2446 763 2524 angulus
778 2447 867 2506 huius
888 2448 990 2506 demus
1010 2448 1047 2506 ab
1067 2446 1161 2505 altero
1176 2446 1307 2522 ejusdem
1321 2450 1427 2508 domus

300 2571 409 2647 angulo
428 2570 494 2647 plus
509 2569 619 2627 distare
633 2567 760 2638 videtur,
782 2584 868 2642 (paam
884 2566 995 2623 eminus
1008 2563 1104 2640 posita
1125 2564 1294 2625 Britanniae
1322 2571 1425 2626 extre-

300 2695 386 2752 mitas
401 2694 437 2750 ab
465 2693 558 2751 altera
573 2691 768 2751 extremitate.
784 2689 866 2756 Quod
888 2688 912 2748 si
934 2707 952 2747 a
972 2687 1127 2748 Britannia
1146 2691 1333 2768 retrospicias
1347 2692 1428 2753 Cale·

298 2819 373 2886 tuni,
389 2813 442 2872 rix
458 2813 542 2872 unius
564 2811 679 2889 palmae
693 2811 924 2886 magnitudinem
940 2809 996 2894 (2),
1011 2811 1092 2871 illam
1105 2814 1254 2889 ingentem
1269 2814 1422 2889 regionem

298 2938 439 2996 obtinenti
464 2937 649 3013 exaequabit.
671 2936 717 2995 Ex
738 2937 792 2995 hoc
812 2937 940 3014 incipere
962 2937 1070 3015 poteris
1091 2942 1122 2996 et
1145 2937 1182 2995 de
1205 2938 1240 2996 iis
1262 2939 1424 3016 dubitare,

298 3079 373 3136 quae
391 3060 498 3119 nostris
512 3058 705 3134 antagonistis
720 3075 817 3131 seusu,
828 3077 1004 3136 suorumque
1017 3059 1279 3120 instrumentorum
1287 3079 1341 3119 usu
1357 3079 1421 3122 ma·

297 3182 376 3240 xime
391 3187 526 3240 constare
541 3181 732 3257 perhibentur
746 3179 801 3259 (3).

336 3302 507 3362 Alchazelcs
521 3302 608 3361 arabs
624 3303 847 3362 mahumetanus
862 3300 1026 3378 theologus,
1041 3320 1058 3360 a
1073 3321 1129 3378 quo
1146 3306 1176 3361 et
1198 3303 1317 3379 quidam
1330 3303 1417 3364 Chri·

295 3424 457 3481 stianorum
472 3421 608 3496 didicere,
625 3421 830 3499 irrefragabile
851 3421 896 3499 (4)
917 3421 948 3479 in
965 3422 1040 3480 libro
1054 3422 1300 3483 destructionum
1317 3427 1423 3483 contra

296 3547 503 3606 aeternitarios
524 3547 642 3607 adducit
663 3552 871 3623 argumentum
893 3563 930 3603 cx
956 3562 999 3617 eo,
1025 3546 1104 3622 qnod
1126 3550 1274 3624 oporteret
1294 3546 1423 3607 inssnitos

295 3664 449 3723 duodecies
464 3661 562 3741 plures
576 3664 665 3723 fuisse
687 3684 778 3724 annos
789 3683 876 3742 quam
891 3681 1014 3734 menses,
1040 3662 1176 3739 trigesies
1189 3662 1308 3722 circiter
1320 3662 1422 3740 plures

294 3802 408 3842 menses
423 3803 510 3860 quam
524 3785 595 3859 dics,
617 3790 743 3862 ‹puutuer
763 3805 817 3863 sup
828 3804 862 3845 ra
886 3785 990 3863 viginti
1013 3784 1124 3845 vicibus
1145 3786 1243 3863 plures
1257 3786 1318 3846 dics
1333 3803 1421 3863 qnam

293 3907 389 3966 horas.
403 3908 485 3967 Unde
505 3911 584 3968 cadit
604 3910 698 3969 simile
712 3916 919 3988 argumentum
930 3915 1033 3968 contra
1055 3908 1284 3969 immensitatem
1300 3908 1420 3968 univer·

293 4034 327 4106 si,
338 4039 367 4094 et
383 4037 554 4094 mundorum
565 4037 877 4096 innumerabilitatem:
889 4039 957 4110 quin
969 4034 1066 4109 plures
1080 4037 1178 4094 essent
1191 4032 1312 4093 tellures
1327 4048 1418 4108 qnam

319 4203 350 4255 ll)
363 4203 378 4244 ll
388 4211 445 4247 testo
455 4205 490 4246 ha:
504 4205 577 4246 sisae.

319 4297 349 4348 (ι’)
361 4295 394 4338 hu
403 4297 489 4351 singola
498 4299 565 4354 panni
576 4305 698 4353 opportuna
707 4310 721 4341 ι
732 4298 826 4342 chiarira
837 4299 851 4343 il
861 4311 933 4344 senso.

318 4388 350 4442 (3)
360 4388 375 4429 ll
387 4396 445 4433 leuto
455 4391 491 4434 ha:
500 4395 661 4448 perhibentur.

318 4478 374 4534 (nu
390 4487 448 4526 testo
462 4483 499 4527 ha:
515 4485 682 4538 irrefragibile.
