3442 5108
731 288 908 350 -236-

293 483 470 556 Quominus
495 483 590 563 atque
612 477 714 560 ipsum
738 476 926 541 inveniatur
949 493 1085 557 corpore
1108 472 1258 557 plenum;
1284 468 1334 557 (l)

293 612 377 686 Quin
404 609 511 693 potius
535 605 677 692 spacium
701 608 750 668 est
773 622 824 666 res
848 601 1003 686 quaedam
1028 605 1106 666 nata
1129 599 1253 685 repleri:
1284 595 1334 682 (2)

295 738 433 804 Dedecet
456 756 535 820 ergo
559 736 618 798 siet
641 733 851 815 nequicquam
875 734 967 796 tanta
992 729 1129 796 facultas

299 873 403 947 Quam
427 869 528 935 saciat
550 865 674 932 frustra
698 865 782 928 Deus
804 866 837 928 et
860 866 977 930 natura
999 881 1140 927 manere.

299 999 387 1082 Ergo
411 1015 473 1080 age
498 993 652 1077 suspicias
676 992 799 1076 ingenti
823 1010 959 1075 corpora
983 1009 1077 1076 gyro,

298 1126 389 1200 Quae
414 1126 496 1188 mira
521 1125 608 1188 circa
631 1121 716 1185 hunc
740 1120 839 1184 solem
863 1121 944 1183 serie
968 1126 1041 1184 acta
1065 1119 1202 1195 cientur,

301 1259 452 1340 Quosque
476 1254 556 1318 alios
580 1251 668 1317 ultra
689 1252 778 1335 queis
801 1269 945 1334 quaeque
968 1247 1090 1313 seruilia
1112 1247 1195 1312 soles

301 1387 379 1453 Inde
404 1405 460 1471 per
484 1387 671 1448 immensum
696 1382 779 1467 quod
804 1384 907 1445 visum
931 1381 1086 1446 terminat
1108 1383 1204 1462 atque

299 1515 533 1599 Praestringit,
558 1514 633 1597 quia
656 1534 690 1578 se
713 1517 867 1596 promunt
890 1518 926 1579 ut
950 1532 1094 1596 proruere
1117 1510 1252 1594 possunt

302 1647 496 1714 Consimiles
520 1645 653 1729 species,
677 1664 777 1727 neque
802 1643 896 1707 finem
918 1641 1150 1727 pollicitantur.

243 1819 244 1823 =
305 1779 388 1843 Dum
410 1776 513 1841 variis
536 1774 631 1840 varia
653 1773 752 1839 stellis
776 1771 932 1838 distantia
956 1770 1071 1834 molem

304 1904 355 1970 nd
378 1903 540 1967 minimam
564 1922 664 1985 usque
688 1902 798 1985 procul
822 1901 910 1965 visus
934 1870 1108 1983 superatur
1133 1898 1275 1963 horizon.

239 2112 241 2115 v
302 2038 385 2101 Hinc
410 2034 568 2100 inlinitum
592 2055 704 2098 seusus
727 2034 873 2116 ratioque
898 2032 1087 2105 reclamant,

302 2172 427 2254 Nempe
450 2169 561 2233 eadem
585 2168 688 2233 forma
712 2174 761 2234 est
785 2188 842 2251 per
867 2171 968 2233 totum
993 2167 1217 2250 materiesque,

305 2298 469 2360 Donatum
494 2296 587 2379 parili
610 2295 753 2379 spacium
776 2300 865 2379 patet
889 2294 1026 2378 undique
1051 2294 1183 2376 honore,

303 2425 477 2489 Permanet
500 2427 596 2506 atque
619 2423 730 2487 eadem
753 2443 863 2487 rerum
887 2424 941 2489 illa
964 2425 1108 2510 potentia
1130 2444 1273 2510 semper,

303 2562 379 2626 Vim
403 2561 624 2645 conceptivam
648 2560 691 2624 nil
715 2559 786 2625 finit
810 2561 965 2634 materiei,

304 2693 369 2755 Pro
394 2691 461 2754 sine
485 2689 546 2754 fine
571 2689 658 2755 aditu
683 2691 838 2775 estquod
862 2712 988 2776 semper
1010 2698 1043 2758 et
1065 2693 1173 2777 implet
1196 2695 1230 2756 et
1251 2689 1370 2775 explet,

306 2822 354 2885 alc
378 2821 462 2883 Deus
485 2819 626 2884 efficiens
650 2825 682 2885 et
707 2820 822 2904 ubique
846 2823 879 2885 et
902 2819 1039 2902 undique
1064 2824 1194 2902 praesto
1217 2822 1277 2883 est.

307 2946 436 3012 Talibus
460 2968 480 3011 a
503 2947 620 3026 causis,
645 2946 821 3027 elementis,
846 2947 1081 3031 principiisque,

307 3074 397 3149 Quae
420 3094 484 3139 non
508 3074 668 3150 deficiunt,
694 3094 733 3139 ne
758 3080 790 3142 et
812 3075 936 3160 possint
959 3073 1144 3151 adnihilari,

308 3201 483 3266 Dicendum
507 3201 640 3265 nihilum
664 3204 762 3286 spacii
788 3222 850 3266 non
875 3223 944 3266 esse
968 3202 1123 3287 repletum

308 3331 473 3413 Nusquam
497 3334 533 3396 ut
556 3330 667 3397 abesse
691 3338 795 3416 potest
817 3332 941 3417 pollens
965 3333 1138 3418 producere
1163 3337 1326 3419 muudum,

310 3463 441 3546 Semper
465 3466 501 3527 ut
523 3466 573 3528 est
595 3465 749 3546 spacium,
776 3465 824 3527 vis
848 3469 1059 3548 promptaque
1082 3467 1240 3542 materiei,

310 3591 391 3655 Esse
407 3588 526 3653 bonum
541 3593 600 3666 est,
614 3608 678 3653 non
695 3608 764 3654 esse
780 3589 897 3654 malum
914 3597 973 3667 est,
987 3591 1097 3655 Bonus
1114 3595 1147 3657 et
1162 3598 1252 3676 pater
1269 3593 1393 3668 adstat,

310 3718 482 3783 Foeeunda
506 3724 556 3785 est
579 3723 681 3784 mater
704 3719 858 3804 genitalia
880 3721 1004 3785 semina
1027 3739 1135 3784 rerum

312 3843 456 3929 Undique
480 3846 662 3932 concipiens
685 3852 718 3913 et
741 3866 872 3912 versum
895 3866 1020 3932 quaque
1043 3849 1210 3915 remittens

313 3973 387 4038 Non
412 3992 551 4056 unquam
573 3973 732 4040 exhausto
755 3993 940 4061 praegnans
963 3974 1002 4040 de
1025 3975 1115 4043 sonte
1138 3979 1255 4044 mariti.

315 4105 398 4170 Hinc
423 4104 566 4171 velutin
589 4105 697 4190 spacio
720 4103 782 4172 hoc
804 4110 960 4191 concepta
980 4110 1029 4173 est
1052 4108 1200 4174 machina
1224 4110 1344 4187 mundi,

295 4277 326 4330 (l)
339 4277 346 4317 Ι
366 4282 423 4319 testo
434 4277 472 4330 qui
482 4276 512 4318 lia
522 4284 596 4331 punto.

295 4371 326 4425 (ι’)
336 4371 353 4413 11
363 4377 421 4414 testo
431 4371 461 4415 ha
470 4384 500 4414 un
510 4371 567 4416 altro
576 4377 652 4426 punto.
