3442 5108
695 338 875 397 ..291-

271 529 349 595 Cum
375 530 502 594 Venere
526 528 681 604 adnexus,
707 547 769 612 qno
794 530 928 591 currant
952 524 1095 609 passibus
1119 526 1238 608 aequis;

270 657 343 721 Non
368 645 461 722 aliter
484 655 620 723 fortasse
643 656 728 734 dori,
753 654 862 728 diarti,
888 672 926 717 ae
950 651 1075 717 Seniori

272 788 446 854 Consortes
470 796 588 855 natura
611 788 707 866 dedit,
732 789 784 872 qui
812 791 955 872 tempore
980 791 1080 860 certo,

272 914 339 976 Ant
363 932 447 987 raro,
472 917 529 977 aut
553 912 653 977 oculis
678 931 839 994 nunqnam
865 915 939 974 sunt
963 907 1083 971 lumina
1107 908 1234 973 nostris.

270 1040 342 1103 Non
367 1038 522 1122 siqnidem
547 1039 605 1104 hos
630 1043 755 1103 tantum
779 1035 998 1120 reputabimus
1022 1055 1092 1099 esse
1115 1036 1272 1120 planetas,

272 1172 373 1254 Atqui
397 1170 545 1244 infinitos,
571 1190 650 1254 quos
674 1169 801 1234 inolitus
829 1167 908 1234 ordo
934 1168 1084 1253 reposcit.

271 1298 341 1362 Uno
365 1299 410 1363 sic
434 1299 532 1383 igitur
555 1297 708 1365 calefiunt
730 1297 779 1386 (l)
805 1298 942 1383 plurima
965 1297 1005 1363 ab
1030 1299 1120 1383 igne,

274 1429 346 1492 Lux
371 1427 477 1493 multis
501 1425 640 1493 medians
665 1427 826 1492 clerendis
849 1426 970 1494 suffieit
994 1447 1068 1492 una.

267 1678 415 1737 Infinitum
431 1677 552 1750 infinite,
568 1679 622 1737 hoe
636 1681 682 1737 est
693 1678 845 1751 intensive,
860 1697 917 1737 non
932 1679 996 1756 agit
1010 1697 1103 1755 neque
1117 1680 1239 1756 patitur:
1260 1679 1354 1738 infini-

227 1807 289 1857 tum
304 1817 374 1857 vero
395 1797 487 1870 finite,
502 1797 556 1856 hoc
570 1803 616 1858 est
626 1799 788 1871 extensive,
802 1799 864 1874 agit
875 1815 910 1857 ac
923 1800 1044 1875 patitur.
1068 1799 1199 1876 Ubique,
1215 1798 1354 1875 inquam,

226 1919 326 1979 finitus
345 1920 425 1977 color
439 1917 522 1978 finito
536 1917 657 1996 frigori,
673 1919 757 1979 finita
785 1919 838 1980 lux
852 1919 943 1980 finitis
965 1925 1123 1983 occurrunt
1142 1922 1292 1996 tenebris,
1312 1923 1355 1982 sol

226 2041 335 2114 telluri,
357 2041 433 2117 ignis
454 2060 557 2117 aquae,
579 2043 710 2101 enmhoc
724 2045 784 2102 stat
799 2043 905 2119 ubique
926 2043 1021 2120 ipsum
1036 2061 1100 2102 esse
1121 2043 1286 2115 infinitum,
1308 2045 1356 2103 in·

226 2167 324 2225 tinitos
338 2184 400 2225 esse
414 2166 489 2226 soles
502 2172 532 2224 et
547 2166 676 2236 tellures,
688 2166 774 2241 ignea
789 2183 921 2242 corpora,
938 2171 969 2226 et
989 2184 1027 2225 ex
1041 2167 1099 2225 alio
1113 2168 1356 2244 praedominante

226 2287 369 2345 elemento
384 2302 487 2363 eqnea3
501 2286 584 2345 finita
598 2286 816 2344 individuorum
833 2287 949 2361 singula
972 2292 1040 2347 sunt
1055 2291 1144 2365 atque
1158 2289 1284 2367 species,
1305 2292 1356 2350 sed

227 2406 324 2465 omnia
339 2405 490 2466 individua
503 2405 571 2485 (snb
585 2407 804 2467 indefinitarum
830 2408 991 2468 mediarum
1004 2412 1165 2486 specierum
1181 2426 1313 2480 numero,
1327 2413 1358 2468 et

227 2523 413 2583 definitarum
428 2526 588 2602 primarum
604 2544 678 2601 quae
692 2530 760 2585 sunt
774 2527 942 2605 elementa)
963 2531 1031 2586 sunt
1045 2527 1169 2600 infinita,
1190 2532 1220 2587 et
1240 2526 1356 2587 infinita

226 2654 269 2705 est
283 2648 417 2716 materia,
431 2665 488 2722 qun
502 2649 637 2705 constant
650 2644 758 2716 omnin,
773 2649 804 2704 et
819 2663 874 2704 non
890 2650 934 2704 est
949 2645 1065 2704 finitum
1093 2644 1225 2721 spacium
1246 2644 1275 2702 in
1298 2662 1355 2720 quo

227 2773 324 2831 omnia
341 2773 537 2845 eontinentur,
552 2773 708 2843 finiuntur,
726 2771 809 2830 finite
823 2775 930 2847 agunt,
954 2769 1035 2828 finite
1053 2768 1216 2846 patiuntur.
1239 2766 1354 2842 Ubique

227 2911 297 2967 ergo
311 2892 462 2968 sigillatim
477 2893 543 2950 finis
565 2895 654 2951 estet
676 2893 895 2960 mensuratum,
911 2888 986 2963 quod
1011 2886 1047 2945 nd
1069 2887 1117 2961 (2)
1139 2885 1310 2945 universum
1330 2884 1355 2944 si

227 3008 406 3079 conferatur,
421 3014 466 3068 cst
480 3009 601 3068 nnllnm.
611 3007 676 3067 Hoc
690 3014 734 3066 est
749 3008 825 3084 qnod
840 3007 993 3081 sphaeram
1016 3003 1150 3064 definivit
1158 3005 1355 3080 Xenophanes

228 3131 381 3203 infinitam,
398 3131 480 3188 euius
493 3136 627 3189 centrum
641 3137 686 3189 cst
708 3130 834 3204 ubique,
855 3126 1092 3188 circumferentia
1116 3142 1268 3201 nusquam.
1292 3122 1356 3182 Hoe

227 3251 368 3326 estquod
395 3249 521 3324 undique
545 3249 729 3326 sphaericum
755 3248 831 3309 dixit
862 3248 1029 3306 universnm
1056 3245 1266 3318 Parmenides;
1288 3247 1356 3324 qnia

227 3372 352 3448 sphaera
373 3369 457 3429 finita
477 3369 514 3428 ab
537 3387 594 3428 uno
616 3375 731 3429 tantum
754 3376 860 3448 puncto
888 3371 1116 3431 indifferentiam
1144 3371 1356 3431 dimensionum

227 3494 366 3564 arlmittit,
378 3494 454 3553 undo
468 3492 579 3552 scilicet
594 3493 671 3552 idem
685 3499 730 3553 est
744 3494 845 3568 latum,
865 3495 995 3571 longum,
1017 3499 1105 3571 atque
1117 3494 1302 3572 proinndnm;
1316 3495 1357 3553 in·

228 3613 311 3674 finita
326 3631 396 3673 vero
410 3614 447 3673 ab
462 3611 550 3672 omni.
567 3613 614 3673 Sic
635 3611 783 3671 infinitum
798 3630 942 3689 nusquam
967 3620 1013 3673 cst
1031 3613 1356 3687 circumferentialiter,

229 3737 335 3813 ubique
349 3741 395 3796 est
409 3736 589 3798 centraliter.

268 3857 301 3915 ln
316 3856 361 3929 iis,
377 3874 450 3931 qnae
465 3857 626 3916 secundum
638 3856 693 3915 loci
708 3862 801 3933 agunt
813 3857 1003 3929 differentias,
1017 3857 1190 3936 proximius,
1207 3857 1355 3918 efficacius

228 3981 290 4057 egit
305 3983 332 4039 in
348 3981 617 4057 subjeetnm‚quam
632 3978 782 4038 remotius:
797 3978 891 4055 majus
906 3980 974 4038 item
990 3977 1201 4052 vehementius,
1210 3996 1297 4055 quam
1305 3975 1357 4037 mi·

228 4119 290 4159 nne.
306 4099 405 4177 Maius
419 4098 558 4158 remotius
583 4116 749 4175 exaequare
765 4099 951 4175 proximioris
966 4098 1098 4158 calorem
1111 4100 1209 4176 potest
1228 4099 1260 4158 et
1272 4113 1357 4176 eupe-

254 4321 284 4374 (Ι)
301 4321 316 4362 tl
331 4327 390 4362 testo
403 4318 444 4362 ba:
461 4322 568 4369 cainum.

254 4416 283 4470 (tt
294 4414 310 4457 11
319 4421 376 4458 teuto
385 4415 422 4459 ha:
432 4415 470 4458 de.
