3442 5108
887 323 1046 383 ..eo-

411 517 496 622 ipsa
514 512 662 617 quidem
682 510 972 602 contradictione
999 535 1230 614 censuraque
1249 513 1361 614 digna
1378 516 1530 591 tandem

413 637 674 717 existimetur:
704 635 767 712 diu
794 633 970 726 haerere,
999 658 1131 734 meque
1160 633 1350 711 continere
1379 638 1531 712 coactus

411 788 519 856 sum,
539 784 587 837 ne
612 784 705 860 opus
724 762 803 836 tam
820 755 964 862 (primo
984 762 1106 835 tamen
1127 756 1296 862 aspectu)
1315 760 1475 838 arduum
1494 761 1530 837 in

406 911 544 967 caussa
571 886 664 962 adeo
696 883 868 987 neglecta
895 885 1130 988 suscipienda
1157 886 1323 962 adorirer
1346 883 1429 991 (l),
1458 913 1531 988 quo

406 1040 474 1120 pro
489 1013 632 1092 viribus
646 1011 855 1088 laborarem
871 1037 890 1088 e
906 1010 1084 1087 cathedra
1101 1011 1301 1114 sapientiae
1316 1016 1532 1090 extructum

405 1140 629 1234 aedificium,
648 1143 728 1216 tam
745 1139 838 1214 bene
858 1142 1041 1230 ornatam,
1062 1139 1226 1239 adeoque
1245 1142 1397 1216 strenue
1412 1138 1532 1215 muni-

404 1274 486 1347 tam
514 1264 725 1344 Aristotelis
752 1263 1000 1365 similiumque
1027 1263 1296 1342 authoritatem
1329 1264 1530 1341 deturbare

408 1394 518 1487 velle,
539 1415 634 1494 eque
652 1390 765 1468 fundo
786 1389 957 1492 caliginis
975 1389 1093 1467 veluti
1112 1391 1386 1467 sordescentem
1405 1413 1536 1467 eruere

408 1520 618 1598 veritatem.
638 1518 759 1594 Porro
778 1516 860 1617 quis
879 1515 917 1592 in
936 1522 1085 1619 pectore
1105 1543 1284 1594 accensae
1303 1517 1396 1595 lucis
1410 1519 1534 1619 ignem

408 1641 483 1749 (ne
511 1640 738 1744 erumpatin
758 1637 906 1742 aerem)
925 1640 1062 1717 diutius
1095 1641 1282 1717 occultum
1307 1641 1509 1718 continebit
1520 1643 1534 1715 'l

410 1769 459 1846 lis
476 1767 592 1869 igitur
610 1766 763 1867 aliisque
782 1764 1075 1867 quibuscumque
1098 1791 1174 1841 non
1198 1766 1442 1859 obstantibus
1458 1766 1546 1851 vin-¹

410 1900 472 1974 cat
500 1894 650 1971 tandem
669 1890 724 1997 (si
744 1890 797 1968 ita
815 1891 959 1992 superis
977 1890 1174 1994 videatur)
1192 1893 1379 1994 specimen
1394 1893 1537 1969 verita·

411 2022 479 2114 tis,
507 2021 685 2121 majestas
712 2042 824 2094 verae
843 2016 948 2111 lucis,
969 2042 1106 2095 causae
1130 2018 1312 2118 dignitas,
1334 2018 1538 2095 occasionis

411 2147 557 2224 oblatae
576 2143 831 2235 commoditas,
851 2169 1007 2245 spesque
1036 2144 1073 2218 in
1093 2170 1136 2220 eo
1156 2145 1238 2228 sita,
1260 2144 1356 2247 quod
1375 2171 1540 2223 necessa·

411 2270 509 2349 rium
537 2276 592 2346 est
620 2294 746 2346 rerum
775 2269 1028 2346 vicissitudine
1048 2270 1141 2362 lieri,
1164 2274 1205 2345 ut
1228 2273 1539 2372 quemadmodum

412 2396 628 2473 alternatim
655 2395 790 2471 diurna
807 2393 873 2470 lux
894 2394 1084 2496 noctisque
1103 2396 1277 2472 tenebrae
1301 2404 1431 2477 mutuo
1450 2426 1540 2476 suc·

413 2524 562 2618 cedunt,
591 2522 643 2599 ita
671 2521 709 2599 in
738 2524 825 2598 orbe
844 2521 1178 2623 intelligentiarum
1197 2522 1335 2600 veritas
1360 2529 1398 2600 et
1421 2551 1538 2602 error.

413 2647 578 2752 ldipsum
609 2651 822 2724 nostrorum
855 2647 968 2723 etiam
996 2647 1299 2724 adversariorum
1328 2651 1540 2727 testimonio

415 2775 692 2876 comprobatur,
712 2774 743 2849 si
762 2770 819 2878 (2)
839 2773 884 2866 ei,
905 2773 1003 2874 quod
1027 2774 1186 2850 asseruit
1204 2773 1314 2849 Plato
1333 2775 1371 2851 in
1388 2776 1541 2870 Cratilo,

417 2900 608 2978 consimile
626 2901 663 2974 in
683 2898 803 3003 primo
832 2899 876 2975 de
905 2898 1017 2975 Coelo
1047 2904 1084 2975 et
1102 2900 1241 2975 mundo
1261 2907 1297 2974 et
1315 2902 1437 3002 primo
1456 2901 1541 2978 lle-

417 3026 734 3129 teorologioorum
762 3025 982 3102 Aristoteles
1014 3026 1115 3101 dicit.
1137 3026 1296 3103 Necesse
1316 3032 1373 3103 est
1391 3028 1542 3133 (inquit)

419 3178 540 3253 neque
559 3151 686 3243 semel,
707 3173 825 3252 neque
844 3152 912 3242 bia,
938 3151 1002 3226 sed
1035 3150 1209 3227 infinities
1237 3153 1386 3229 easdem
1414 3154 1461 3230 ad
1476 3180 1544 3229 nos

417 3275 613 3378 pervenire
632 3273 835 3376 opiniones.

471 3395 572 3472 Nihil
591 3395 707 3494 igitur
726 3393 903 3497 impediat
921 3395 1018 3495 quod
1038 3418 1223 3471 novarum
1238 3397 1454 3497 opinionum
1476 3398 1542 3472 de-

419 3547 523 3598 mum
543 3526 718 3612 sectator,
730 3523 905 3612 assertor,
918 3524 1029 3618 atque
1041 3521 1217 3620 probator
1236 3521 1387 3606 habear,
1400 3523 1430 3597 si
1445 3522 1546 3624 quip-

419 3672 466 3748 pe
484 3651 721 3724 accusatores
740 3646 812 3722 mei
832 3645 992 3747 penitius
1020 3645 1249 3734 intueantur,
1271 3649 1448 3724 videbunt
1468 3673 1543 3724 non

421 3797 504 3850 esse
531 3773 724 3873 antiquam
753 3771 977 3875 opinionem,
997 3797 1092 3872 quae
1120 3773 1317 3874 aliquando
1346 3801 1445 3851 nova
1471 3802 1545 3852 non

422 3901 602 3994 extiterit,
621 3900 719 3977 sicut
738 3905 776 3976 et
795 3898 887 3975 haec
907 3899 987 4001 ipsa
1006 3898 1065 3975 oui
1084 3923 1187 3976 nuno
1207 3899 1356 3981 innitor,
1377 3903 1477 3979 hamt
1497 3903 1548 3978 ita

462 4100 509 4179 (1)
530 4100 555 4160 ll
575 4103 653 4160 tosto
674 4101 729 4160 ha:
751 4102 898 4161 adorator.

463 4198 509 4278 (2)
525 4199 549 4258 Il
563 4198 685 4259 Gfrdrer
698 4201 793 4278 lagga:
809 4203 846 4261 Si
855 4203 988 4279 qut'olem,
1003 4201 1106 4262 invecc
1120 4203 1167 4262 del
1182 4204 1245 4262 solo
1264 4206 1291 4261 si
1302 4203 1348 4262 dcl
1362 4208 1446 4276 testo,
1463 4205 1515 4263 clio
1530 4224 1548 4263 a

424 4297 472 4358 noi
485 4298 603 4358 sembra
616 4298 746 4361 bostare.
1059 4329 1063 4336 =
