3442 5108
654 327 833 386 -237-

234 526 323 600 Quae
348 527 397 588 est
420 521 502 606 potis
526 538 595 584 esse
619 517 682 582 alio
706 517 738 580 in
762 516 870 599 spacio
894 517 1050 598 concepta
1072 532 1225 592 seorsum,

233 659 365 723 Necnon
389 646 538 734 quidquid
562 644 660 710 habet
683 643 772 707 sinus
795 643 856 706 iste
882 642 1036 705 immensa
1059 645 1202 723 potestas

233 783 380 866 Undique
404 775 634 862 deprompsisse
657 775 762 857 petest
786 771 901 855 specie,
925 774 981 833 aut
1004 788 1120 853 genere
1144 786 1250 832 unum:

234 916 318 981 Nam
341 916 468 978 tantum
492 908 632 992 spacium
657 905 740 990 quod
763 905 914 970 mundum
938 904 1082 970 continet
1104 904 1210 979 istum,

237 1041 358 1109 Mundo
384 1043 446 1105 isto
470 1038 587 1114 ablato,
612 1036 697 1101 nullo
721 1035 904 1101 discrimine
927 1034 966 1100 ab
991 1035 1044 1099 illo

235 1176 380 1241 Distaret
402 1171 510 1255 spacio
533 1168 616 1253 quod
640 1169 884 1250 circumquaque
907 1184 1048 1230 seorsum
1073 1169 1133 1229 est.

236 1303 323 1386 Ergo
349 1303 449 1366 itaet
472 1297 504 1362 id
528 1315 653 1381 possum
678 1299 769 1361 recta
791 1295 916 1360 ratione
940 1291 1096 1376 repletum

235 1428 390 1509 Credere,
415 1430 452 1491 ut
474 1426 536 1491 hoc
559 1423 651 1489 video
675 1442 769 1507 quam
794 1421 874 1487 ditet
897 1420 989 1504 copia
1012 1439 1129 1493 rerum,

235 1560 313 1624 Cum
340 1556 417 1621 nihil
440 1554 585 1629 obsistat,
609 1573 682 1617 cum
705 1554 770 1617 sint
793 1570 918 1635 quoque
942 1551 1168 1636 principiorum

233 1689 420 1751 Innumerae
444 1690 561 1769 partes
586 1688 619 1748 et
643 1681 757 1765 ubique
781 1688 876 1765 atque
900 1679 1035 1764 undique
1059 1684 1197 1765 praesta,
1221 1682 1253 1744 et

236 1817 297 1880 Uni
322 1833 386 1878 uua
410 1819 460 1879 est
485 1814 580 1886 ratic,
604 1810 715 1874 similis
738 1810 842 1890 simili,
859 1827 963 1893 aequa
978 1828 1129 1892 coaequo.

237 1944 316 2007 Cum
341 1943 465 2006 ratione
489 1941 590 2027 igitur
612 1938 741 2025 paribus
764 1940 855 2025 paria
878 1938 1065 2005 tribuuntur

236 2078 401 2153 Materiae,
426 2076 543 2160 spacio,
569 2075 791 2159 praesentique
814 2071 973 2140 efficienti:

232 2206 422 2290 ttppositum
447 2224 523 2268 vero
548 2224 585 2269 ac
607 2203 771 2269 diuersum
795 2222 857 2268 nou
881 2205 1053 2288 sapienter.

230 2336 318 2402 hdde
341 2338 448 2403 etiam:
474 2336 522 2421 (l)
548 2335 705 2404 infinitum
728 2338 754 2402 si
778 2340 944 2421 superaret
966 2338 1060 2401 inane

229 2465 273 2529 ut
297 2463 429 2528 nihilum
454 2465 609 2529 immensa
633 2463 783 2528 mundum
807 2464 958 2530 retineret
981 2464 1012 2526 in
1036 2462 1122 2536 alvo,

229 2595 373 2679 Namque
398 2594 524 2661 infinite
549 2594 700 2661 collatum
723 2592 832 2659 finibu'
858 2590 907 2680 (2)
930 2614 1074 2679 pressum

230 2726 287 2793 list
313 2727 471 2799 nihilum,
496 2727 535 2792 ad
560 2729 661 2811 ipsum
686 2728 762 2810 quia
786 2726 874 2792 nulla
895 2731 1060 2812 proportio
1085 2733 1194 2795 restat.

232 2855 321 2921 Istud
346 2856 428 2921 idem
451 2856 543 2931 dicet,
568 2859 594 2921 si
617 2858 762 2924 conferat
784 2855 943 2937 efficienti,

228 2979 286 3046 Cui
310 2981 376 3044 sine
402 2979 464 3045 fine
488 2982 592 3065 vigor,
617 2981 740 3049 finitum
763 2981 898 3068 denique
921 2978 1054 3050 factum:

228 3109 404 3192 Quisquam
427 3108 552 3175 infinite
575 3113 680 3197 potius
704 3114 876 3199 reprendet
899 3135 1062 3197 avarum,

227 3243 330 3316 Quam
355 3246 468 3311 merito
493 3245 572 3310 hene
596 3267 653 3332 pro
678 3247 769 3315 factis
792 3248 929 3315 extollat
951 3248 1094 3314 eundem.

227 3375 345 3460 Nempe
370 3374 487 3441 bonum
512 3377 621 3445 dicunt
643 3379 725 3464 quod
749 3401 783 3445 se
806 3377 954 3446 diffundit
977 3380 1040 3468 (3),
1064 3381 1223 3465 habetque

228 3504 383 3574 liffectum
410 3509 573 3586 bonitatis,
598 3517 634 3577 ut
657 3510 732 3575 hinc
755 3508 933 3576 doctoribu'
950 3511 1051 3576 sacris

227 3636 364 3703 Inventa
388 3645 437 3705 est
461 3641 545 3707 ratio
569 3642 679 3725 geniti,
705 3642 788 3726 quod
811 3648 937 3709 tantum
961 3642 1118 3728 adaequet

230 3764 402 3844 Virtutem,
426 3767 503 3833 (teus
527 3776 622 3854 atque
644 3771 706 3836 siet
729 3771 877 3856 genitans
900 3774 1099 3858 genitusque.

228 3893 272 3958 ,it
296 3914 355 3959 nos
379 3895 454 3961 dum
471 3898 603 3984 physice
627 3903 772 3965 sanctum
796 3903 1019 3986 perpendimus
1044 3909 1150 3970 actum

208 4120 236 4170 (l)
247 4119 323 4167 eresti
338 4119 380 4162 due
391 4122 451 4176 puali
462 4135 570 4165 tnuricnne
580 4124 614 4166 nel
626 4133 690 4169 reste.

206 4214 235 4266 (ἲ)
248 4213 521 4266 1,·apouromrnmcanor
532 4224 596 4259 testo:
608 4218 653 4261 t'ho
663 4231 735 4264 messe
745 4222 827 4278 percha
840 4221 860 4265 si
871 4223 929 4269 vecla
939 4225 980 4270 che
989 4233 1072 4283 smper
1085 4231 1180 4276 ditibus.
1191 4233 1241 4276 (ioci
1252 4235 1299 4278 suoi

179 4304 228 4349 sare
239 4307 326 4351 serenti
337 4309 453 4353 Lucretio.

206 4403 239 4460 (3)
251 4404 340 4450 litante
354 4406 395 4452 ha:
405 4409 514 4453 dictandi
518 4416 532 4453 r.
