3442 5108
751 365 937 426 -146-

293 534 441 629 easdem
461 551 706 644 conditiones
725 549 784 656 (1)
803 550 975 644 alterum,
995 550 1056 626 vel
1070 554 1271 651 utrumque
1289 549 1427 628 habeat

291 680 574 783 longitudinem,
603 679 662 755 vel
696 679 992 770 successionem,
1021 677 1081 754 vel
1113 675 1371 769 intensionem;
1402 676 1426 752 3

292 813 334 885 ut
352 810 400 884 sit
418 814 519 902 nota,
535 809 649 885 immo
670 809 804 901 notior,
834 812 963 909 utpote
992 833 1058 910 pec
1086 833 1200 911 quam
1229 807 1303 884 alia
1320 806 1427 885 inno-

292 939 449 1027 tescant
479 935 505 1009 4
536 943 576 1010 ut
595 940 735 1036 perstet
763 936 914 1029 eodem,
943 959 990 1011 ne
1018 936 1276 1037 deceptionem
1295 938 1425 1011 causet

293 1061 331 1137 in
353 1061 507 1164 judicio;
540 1061 563 1135 5
590 1066 632 1137 ut
651 1062 700 1138 sit
727 1060 905 1152 minima,
935 1063 977 1136 ut
1000 1061 1094 1138 nihil
1121 1061 1182 1153 sit,
1208 1059 1307 1163 quod
1325 1060 1424 1136 hanc

293 1204 509 1259 mensuram
525 1181 787 1283 subterfugiat,
798 1181 953 1258 minima
968 1185 1094 1258 autem
1106 1206 1181 1258 non
1192 1180 1423 1283 simpliciter,

293 1306 356 1381 sed
376 1309 580 1385 secundum
601 1333 766 1385 sensum.

720 1581 841 1634 ARTIC.
861 1583 993 1634 xxxix.

348 1811 481 1887 Potius
500 1815 625 1887 motus
647 1816 704 1886 est
723 1834 898 1887 mensum
917 1808 1107 1909 temporie,
1138 1831 1249 1909 quam
1277 1809 1425 1908 tempus

294 1963 472 2014 mensura
490 1941 626 2013 motus:
646 1936 771 2012 venius
792 1937 891 2012 enim
911 1939 1136 2037 permotum
1164 1932 1337 2009 nouimus
1357 1931 1425 2007 du·

294 2064 491 2155 rationem,
513 2088 626 2165 quam
645 2087 665 2138 e
685 2066 826 2138 contra:
847 2063 1019 2163 quamvis
1048 2061 1145 2137 euim
1167 2061 1261 2136 haec
1289 2062 1422 2135 mutuo

294 2215 334 2266 se
362 2188 573 2265 mensurari
602 2189 818 2289 contingat,
847 2212 1038 2289 nunquam
1058 2186 1245 2289 quoddam
1273 2188 1422 2287 tempus

293 2341 470 2394 mensum
487 2321 612 2394 motus
631 2317 721 2408 ecit,
741 2316 779 2392 ni
799 2316 902 2417 prius
931 2315 1081 2417 quidem
1100 2320 1222 2393 motus
1243 2339 1424 2392 mensura

294 2442 473 2544 temporis
489 2443 669 2519 extiterit.

809 2719 932 2769 RATIO.

350 2946 447 3023 Cum
474 2950 621 3043 tempus
641 2943 689 3017 sit
708 2942 855 3022 dumtio
875 2943 1074 3047 quaedam,
1094 2965 1190 3043 quae
1210 2942 1359 3043 quidem
1372 2942 1422 3018 li-

297 3085 357 3154 cet
370 3075 537 3152 absolute
565 3078 689 3148 mente
709 3074 791 3175 copi
807 3074 923 3175 possit
938 3079 975 3148 et
995 3068 1152 3161 definiri,
1173 3073 1339 3145 tamena
1366 3095 1422 3146 ue-

297 3206 365 3281 bus
383 3203 554 3280 absoluto
572 3227 648 3278 nou
680 3201 890 3294 invenitur,
920 3199 1007 3301 quie
1035 3196 1191 3273 relative
1210 3197 1256 3273 ad
1284 3197 1424 3274 durans

298 3338 336 3409 et
355 3331 524 3408 durantis
544 3330 689 3407 dicitur.
710 3331 814 3407 Sicut
841 3329 957 3430 igitur
976 3330 1079 3404 locus
1109 3352 1217 3417 unus,
1236 3328 1425 3406 infinitum

298 3484 427 3552 unum,
446 3459 631 3537 infinitum
651 3460 812 3562 spatium
832 3484 1029 3536 commune
1057 3484 1124 3559 pro
1146 3459 1320 3536 universo
1349 3461 1429 3536 infi-

297 3590 376 3666 nito
396 3615 477 3666 esse
497 3595 654 3692 oportet,
675 3591 729 3666 ite
744 3614 859 3667 unum
875 3595 1021 3690 tempus
1042 3612 1251 3679 commuue,
1269 3613 1344 3664 una
1362 3588 1427 3665 du-

298 3718 407 3809 ratio,
427 3742 497 3793 nec
514 3721 628 3794 finem
646 3744 765 3820 neque
777 3718 1001 3819 principium
1013 3718 1127 3794 ulium
1143 3743 1427 3818 recognoscens

298 3846 348 3922 Et
365 3845 481 3921 veluti
501 3848 569 3922 sub
590 3872 663 3923 uno
688 3848 833 3923 infinito
862 3848 994 3949 spatie,
1024 3849 1215 3941 continue,
1237 3850 1428 3927 communi

298 3974 445 4050 infinita
467 3976 751 4075 pediculorum}
778 3977 872 4067 loco,
892 3979 1113 4080 propriaque
1145 3980 1267 4080 spotia
1287 3980 1429 4056 intelli-

299 4104 452 4201 guntur,
472 4126 566 4201 quoe
582 4101 738 4203 singulis
750 4102 956 4203 quibusque
975 4105 1169 4204 quadrant:
1183 4107 1236 4181 ito
1251 4107 1320 4186 sub
1331 4132 1431 4184 com-

338 4393 385 4473 (1)
398 4392 457 4455 Ncl
469 4395 546 4453 testo
561 4410 665 4454 manea
683 4392 712 4452 le
726 4392 859 4469 virgola:
877 4393 925 4454 nel
939 4391 1065 4453 chdnen
1080 4410 1166 4472 pure.
