3442 5108
863 278 1034 344 -.58·..-.

390 465 555 545 facultas
592 469 639 545 ad
659 467 750 546 satis
770 468 906 572 ubique
924 472 1132 562 terrarum,
1153 472 1191 545 et
1208 467 1306 570 apud
1331 493 1398 545 vos
1431 493 1519 546 oon·

390 596 537 671 suetam
556 593 893 698 exercitationem)
912 594 1054 672 veritas
1073 594 1215 672 frustra
1242 595 1518 697 propugnanda

389 719 615 821 exagitetur,
635 725 981 824 consequenterque
995 725 1100 798 tanto
1111 722 1193 822 jam
1208 719 1297 798 olim
1311 724 1413 814 nota,
1436 745 1520 817 con·
1604 762 1609 770 »

388 847 560 924 firmetur
577 845 751 952 amplius,
770 849 862 925 nihil
890 851 992 926 certe
1019 850 1218 951 praestabo
1237 851 1342 926 tanta
1380 848 1521 925 Acade·

390 968 467 1046 mia
486 971 693 1074 indignum.
719 973 758 1051 Si
789 999 876 1050 vero
905 971 1033 1076 (quod
1060 973 1182 1077 magis
1210 971 1423 1078 sperarim)
1452 997 1519 1074 per

389 1095 484 1174 haec
504 1100 740 1202 exsurgentis
765 1098 823 1204 (l)
842 1097 1098 1201 philosophiae
1125 1099 1349 1202 primordia,
1382 1097 1520 1200 aliquid
1634 1174 1639 1181 .

386 1223 484 1324 quod
502 1224 701 1325 posteritas
730 1226 991 1303 commendare
1016 1231 1052 1304 et
1072 1225 1245 1330 amplecti
1259 1225 1376 1329 possit
1408 1229 1521 1327 atque

386 1342 529 1438 debeat,
548 1347 749 1448 aperiatur,
769 1347 893 1450 ipsum
912 1372 1002 1424 sane
1020 1348 1092 1425 erit
1110 1348 1182 1425 hac
1202 1351 1330 1425 vestra
1350 1345 1519 1448 principe

386 1467 633 1548 universitate
653 1471 927 1575 dignissimum.
957 1472 1064 1550 Vale.

756 1779 1159 1858 EXCUBITOR

918 2026 973 2070 SEU

383 2228 464 2282 aon.
483 2227 704 2289 nannaournt
724 2226 973 2282 aronoonncn
992 2229 1223 2283 nacnnnnno
1245 2230 1383 2284 nnana
1402 2231 1439 2283 nr
1453 2213 1518 2285 lu-

436 2355 585 2408 n1r0n1o
604 2354 713 2406 anum
732 2352 1179 2410 rnn1s1ans1sncnnnnmn
1194 2358 1230 2410 nr
1245 2357 1345 2410 nnsr.
1363 2357 1515 2411 rannac.

436 2481 534 2534 auno
558 2455 658 2532 1586
678 2481 752 2533 rao
771 2479 905 2532 nonant
925 2481 1128 2537 ruriconis,

437 2706 622 2787 Credendi
641 2705 961 2802 consuetudinem,
983 2705 1248 2799 illustrissimi,
1277 2703 1516 2809 amplissimi,

382 2833 659 2933 doctissimique
678 2832 772 2926 Di),
791 2832 1023 2935 potissimam
1050 2859 1133 2910 esse
1151 2856 1338 2926 caussam,
1366 2856 1441 2932 qua
1459 2859 1517 2909 ra-

382 2961 435 3038 tio
463 2962 630 3038 humana
658 2986 681 3036 a
708 2960 944 3061 perceptione
969 2983 1099 3037 eorum
1131 2983 1227 3060 quae
1259 2962 1348 3033 sunt
1378 2983 1448 3061 per
1476 2984 1517 3034 se

382 3087 582 3164 manifesta
602 3085 838 3188 impediatur,
858 3085 897 3161 in
916 3086 989 3161 fine
1010 3084 1160 3161 secundi
1181 3084 1226 3159 de
1254 3083 1438 3184 sapientia
1456 3083 1520 3158 de-

385 3211 544 3290 claravit
572 3210 815 3290 Aristoteles:
845 3211 907 3286 ubi
936 3216 1115 3311 quantam
1146 3209 1220 3285 vim
1250 3208 1343 3284 haec
1363 3207 1513 3301 habeat,

383 3337 484 3441 leges
503 3333 673 3443 (inquit)
693 3335 899 3421 declarant,
917 3335 954 3410 in
969 3335 1102 3435 quihus
1117 3335 1200 3435 plus
1218 3333 1385 3410 fabulosa
1400 3339 1514 3435 atque

381 3463 542 3567 puerilia
556 3468 713 3566 possunt
727 3466 880 3564 propter
895 3461 1216 3551 consuetudinem,
1233 3484 1345 3559 quam
1357 3483 1400 3535 ea
1415 3485 1511 3560 quac

386 3591 555 3666 sensibus
576 3588 788 3689 expressius
808 3593 1099 3690 cognoscuntur.
1120 3585 1225 3662 Sicut
1245 3585 1344 3660 enim
1363 3583 1515 3686 (adjicit

386 3715 486 3792 illius
516 3714 800 3792 Commentator
829 3712 1033 3813 Averroes)
1051 3712 1112 3812 qui
1136 3736 1277 3787 veneno
1297 3712 1399 3786 vesci
1421 3737 1520 3788 con.

383 3841 610 3930 sueverunt,
642 3862 685 3913 ea
714 3835 958 3939 perhibentur
977 3833 1154 3911 facultate
1174 3833 1351 3934 praediti,
1374 3838 1514 3911 ultum

387 3961 466 4066 ipso
484 3968 676 4066 tamquam
691 3963 838 4066 proprio
854 3963 935 4040 cibo
951 3961 1179 4049 reficiantur,
1195 3966 1276 4037 tum
1291 3985 1515 4061 consequen-

434 4211 482 4294 (1)
496 4211 521 4275 n
535 4216 613 4274 testo
627 4214 674 4276 la
689 4218 880 4293 exuramus.
