3442 5108
744 272 925 334 „154-

292 466 367 544 alii.
395 468 447 543 At
474 471 574 543 esto:
594 465 812 543 universum
839 463 889 541 sit
906 463 1065 556 finitum,
1084 459 1141 567 (1)
1160 484 1277 540 unum
1291 461 1414 538 eonti-

293 621 423 691 nuum,
440 623 535 674 unus
555 596 729 689 mundus,
748 618 866 672 unum
885 618 1019 696 eorpus
1038 590 1287 695 sphaericum,
1316 589 1417 667 eirea

295 731 465 807 centrum
480 727 626 821 mobile,
655 725 753 828 quod
779 727 905 800 tamen
933 720 1017 797 ullis
1041 716 1416 796 demonstrationibus

293 857 377 935 fieri
391 880 466 932 non
484 858 607 957 potest
625 852 825 931 verisimile
843 850 912 955 (2).

277 1062 279 1066 ,
348 982 463 1060 Ratio
482 982 576 1058 haee
593 981 754 1058 multum
772 979 861 1056 fauit
879 979 1087 1054 admotum
1115 978 1238 1052 terrae
1256 971 1416 1050 convin-

297 1111 469 1201 cendum,
489 1109 579 1185 item
598 1109 643 1184 ad
662 1133 838 1212 praesens
857 1105 1100 1210 propositum,
1129 1104 1217 1205 quia
1235 1125 1321 1180 oum
1339 1101 1420 1178 uni-

300 1263 451 1316 versum
466 1262 542 1315 non
561 1238 610 1314 sit
627 1237 844 1314 continuum
862 1233 1009 1327 mobile,
1021 1233 1204 1337 quomodo
1215 1258 1239 1307 a
1252 1230 1417 1307 oiroum-

301 1366 458 1444 ferentia
484 1370 523 1442 et
539 1390 615 1442 non
643 1364 810 1442 exomni
837 1367 945 1465 parte
971 1361 1074 1462 agili
1105 1357 1202 1462 quod
1235 1357 1267 1434 si
1294 1357 1419 1462 plures

298 1491 477 1569 concedes
497 1515 578 1567 esse
596 1494 771 1583 motoreS,
790 1515 858 1566 eur
885 1488 998 1591 prior,
1026 1486 1267 1589 superiorque
1293 1485 1420 1587 potius

299 1643 411 1721 quam
424 1617 609 1696 secundus
623 1621 661 1694 et
679 1617 846 1694 inferiori
866 1615 975 1691 Diues
990 1613 1076 1716 quia
1089 1616 1270 1716 maJ'orem
1289 1613 1419 1691 orbem

299 1751 436 1825 movet.
466 1750 517 1824 at
544 1772 592 1823 an
619 1770 691 1822 non
709 1743 931 1822 naturaliter
949 1742 1003 1819 ita
1020 1743 1139 1844 major
1157 1745 1271 1842 atque
1297 1740 1420 1817 minor

299 1873 568 1950 moveturlAn
585 1870 809 1948 nonmultus
828 1868 925 1970 ignis
944 1867 1087 1944 facilius
1112 1871 1296 1957 movetur,
1309 1892 1422 1970 quani

300 2000 464 2103 pauousl
484 1999 523 2076 Si
538 1997 628 2074 diois
647 1999 798 2100 propter
815 1993 1056 2086 influentiam,
1077 1993 1168 2070 diois
1186 2018 1266 2070 rem
1281 1995 1419 2072 fiotam.

300 2125 426 2219 Mitto,
456 2125 552 2226 quod
576 2122 639 2200 illa
657 2121 751 2199 nihil
771 2121 857 2197 laoit
876 2122 922 2197 ad
947 2120 1124 2197 virtutem
1152 2123 1319 2215 motoris,
1348 2148 1422 2225 qua

301 2251 428 2343 vertit,
447 2250 562 2353 pellit,
582 2250 692 2352 girat,
712 2254 922 2354 movetque,
952 2250 1039 2352 quia
1056 2251 1157 2327 aliud
1190 2255 1246 2326 est
1264 2250 1422 2328 influere

303 2381 341 2456 et
359 2380 589 2481 gubernare,
609 2377 708 2454 aliud
736 2381 794 2455 est
812 2402 973 2471 movere,
994 2378 1080 2454 lieet
1097 2403 1173 2454 uon
1200 2376 1332 2454 influat
1350 2378 1423 2456 nisi

303 2505 500 2583 movendo.
529 2505 607 2581 Nos
627 2504 725 2582 enirn
744 2505 923 2609 deprimo
942 2510 1098 2599 motore,
1119 2531 1193 2607 qua
1212 2508 1336 2582 motor
1354 2509 1423 2598 est,

304 2631 515 2735 quaerimus
533 2629 603 2736 (3).

360 2761 657 2860 Argumentatur
675 2760 774 2836 enim
794 2761 891 2837 hano
919 2760 1200 2839 dissolutionem
1218 2766 1255 2838 et
1270 2761 1425 2838 inconti-

306 2884 502 2973 nuitatem,
518 2884 614 2986 quod
633 2886 806 2962 fictorum
825 2888 970 2964 orbium
989 2888 1233 2967 deferentium
1252 2889 1426 2966 diversis-

306 3009 409 3086 simis
434 3009 598 3085 motibus¹
618 3034 745 3086 onmes
778 3016 1061 3106 convertuntur3
1099 3014 1282 3114 quomodo
1310 3014 1426 3116 igitur

306 3144 461 3241 possunt
480 3162 594 3214 unum
613 3139 829 3215 continuum
852 3165 986 3243 eorpus
1001 3135 1170 3217 efficeret
1187 3142 1368 3242 quomodo
1389 3143 1427 3221 in

308 3267 418 3343 unico
437 3271 541 3343 motu
559 3292 781 3343 oonourrere
799 3273 967 3371 possunt,
978 3269 1041 3374 qui
1052 3271 1161 3346 unius
1176 3274 1325 3347 tantum
1343 3297 1428 3348 oon·

309 3391 404 3469 tinui
423 3395 491 3479 est,
507 3393 603 3492 quod
622 3392 844 3471 discontinui
863 3420 1016 3497 prorsus
1031 3421 1113 3472 esse
1132 3400 1291 3499 nequeat
1309 3398 1323 3474 t
1340 3399 1427 3501 qui-

309 3524 449 3601 nimmo
483 3549 546 3599 eos
579 3524 641 3625 qui
664 3530 841 3601 moveant
868 3526 987 3627 primo
1016 3530 1141 3617 motu,
1170 3531 1317 3628 oportet
1345 3551 1428 3604 esse

311 3658 368 3732 tot
394 3657 570 3747 motoreS,
599 3661 690 3755 quot
716 3659 802 3731 sunt
821 3654 918 3742 coeli,
935 3655 1053 3746 orbes,
1071 3652 1241 3756 epioyoli,
1260 3659 1363 3732 astra
1391 3661 1430 3734 et

312 3782 436 3860 omnia
447 3807 541 3884 quae
551 3807 616 3884 per
631 3782 820 3859 diversum
835 3787 976 3862 motum
992 3783 1304 3861 discontinuitatis
1319 3812 1429 3890 argu-

354 3989 401 4068 (1)
416 3990 441 4049 Il
455 3992 533 4049 testo
546 3990 600 4050 ha:
612 3992 782 4051 universus
798 3994 827 4050 ai
840 3995 961 4069 finitus.

240 4083 242 4086 ⁴
353 4090 397 4167 (2)
413 4090 563 4149 Lacunam
583 4091 631 4150 hie
644 4091 755 4152 indicat
768 4091 858 4153 editio
872 4091 1048 4170 originaria,
1062 4092 1309 4174 manifestumque
1322 4101 1368 4159 est
1379 4098 1432 4160 ali·

315 4191 384 4268 quid
400 4190 511 4253 deesse.
526 4195 538 4268 (
552 4194 630 4252 Nota
639 4191 689 4252 del
705 4193 836 4268 Gt'rbrer
850 4192 873 4272 ).

357 4290 401 4365 (3)
415 4290 492 4351 Item
501 4292 645 4370 quaedam
659 4292 773 4354 desunt.
787 4290 883 4373 (Nota
896 4293 947 4353 del
963 4293 1118 4373 Gstdrer).
