3442 5108
879 336 912 358 ,-
937 299 1056 359 288-

464 493 641 578 Undelibet‚
665 498 786 579 quanta
809 500 859 561 est
882 513 1017 579 magnae
1040 492 1192 557 dimensio
1216 493 1320 570 molis,

464 627 586 692 Ducere
610 646 668 692 nec
686 625 785 712 juvat
808 624 981 690 absurdum
1005 624 1126 708 reliquo
1150 623 1188 688 de
1212 623 1371 705 absurdo,

463 754 556 830 Quod
579 754 642 819 duo
664 755 730 820 sint
751 756 822 818 sine
844 755 907 818 fine
932 753 1003 818 loco
1027 755 1207 840 peregrina,
1233 754 1375 819 vicissim

465 883 580 962 Obvia,
603 889 635 950 et
658 889 804 949 extremo
827 882 887 948 sibi
910 888 1024 948 contra
1046 883 1168 948 stantia
1191 882 1231 947 ab
1256 904 1329 948 uno.

463 1018 608 1108 Namque
632 1022 669 1083 ut
692 1022 768 1082 suut
790 1017 858 1082 sine
882 1013 955 1093 line,
980 1016 1050 1081 loco
1075 1017 1244 1101 peregrina
1269 1019 1383 1100 putare

465 1146 620 1220 Quisnam
643 1143 749 1209 inians
772 1142 914 1228 poterit?
937 1143 1040 1228 legem
1063 1144 1132 1226 quis
1156 1142 1196 1208 ad
1221 1142 1343 1207 ordinis
1367 1140 1465 1206 ullam

465 1275 607 1360 Regere:
631 1274 658 1337 si
681 1292 809 1337 sursum
832 1270 989 1352 deorsum,
1014 1270 1164 1336 dextrum
1187 1275 1283 1355 atque
1307 1271 1483 1349 sinistrum,

465 1405 508 1471 Et
530 1408 606 1470 sunt
628 1402 722 1480 finiti,
745 1408 778 1469 et
798 1407 874 1468 sunt
895 1401 1078 1467 discrimina
1103 1402 1186 1481 finis,

376 1534 378 1537 ’
463 1531 543 1596 Heio
567 1529 619 1594 ubi
643 1530 735 1611 plura
758 1528 851 1593 simul
874 1534 962 1596 certo
986 1534 1062 1596 sunt
1085 1529 1196 1595 ordine
1220 1530 1343 1596 clausat
1367 1529 1414 1618 (l)

509 1643 571 1725 Sed
596 1658 746 1742 quidnam
769 1658 907 1743 Ephesio
931 1657 1075 1724 infinitus
1099 1658 1242 1742 proderit
1265 1659 1373 1745 ignisl

465 1788 549 1865 Quid
572 1788 793 1872 Metapontino
816 1793 882 1854 tam
907 1788 1025 1853 multus
1048 1790 1170 1855 serviet
1192 1787 1271 1854 aerl

466 1917 532 1984 Cur
555 1935 670 2001 corpus
692 1917 761 1981 sine
784 1917 848 1980 fine
872 1914 987 1981 volunt
1010 1915 1235 2000 comprendere
1259 1915 1410 1981 mundum
1434 1915 1524 1993 heic,

464 2053 537 2119 Non
562 2049 646 2125 alibi,
669 2048 764 2114 simili
788 2047 921 2112 similem
946 2045 1099 2129 finireque
1122 2027 1247 2131 semper

465 2179 595 2245 Virtute
617 2172 806 2261 sphaeraml
822 2172 870 2260 (2)
895 2174 988 2238 simili
1012 2175 1087 2256 quia
1110 2176 1215 2240 stante
1240 2178 1364 2252 tenore,

464 2303 631 2370 Dissimilis
654 2324 747 2369 casus
772 2304 929 2370 rationem
954 2302 1085 2370 reddere
1109 2310 1246 2390 oportet.

464 2435 575 2500 Dicere
597 2434 792 2516 quapropter
816 2429 961 2507 mundos,
987 2435 1022 2496 ut
1045 2437 1078 2497 et
1101 2453 1170 2498 esse
1194 2434 1339 2500 videmus

463 2563 534 2627 Hoc
556 2580 621 2626 uno
645 2562 679 2625 in
702 2558 821 2643 spacio,
845 2558 935 2643 parili
958 2557 1060 2624 forma
1083 2564 1179 2644 atque
1202 2561 1319 2640 colore,

465 2697 544 2764 Cum
567 2696 680 2765 tellure
703 2714 761 2760 suo
784 2693 919 2759 libratos
943 2693 1082 2779 pondere
1106 2697 1224 2760 circum

464 2831 625 2915 Undique,
648 2829 716 2916 (ubi
738 2827 825 2894 haud
848 2828 955 2913 spacio
978 2830 1027 2893 est
1050 2825 1122 2893 finis
1145 2826 1318 2894 statuibilis
1341 2825 1448 2914 ullus),

465 2961 520 3029 Nil
543 2963 655 3026 contra
681 2975 810 3023 sensum
833 2954 964 3033 inducit,
989 2954 1069 3020 nihil
1093 2958 1254 3023 aratione

466 3091 645 3163 Diversum,
672 3085 716 3149 nil
738 3083 821 3168 quod
845 3086 982 3149 naturae
1006 3087 1241 3172 cunctiparenti

467 3219 648 3287 Conveniat
674 3216 777 3281 minus
805 3215 865 3301 (3),
888 3220 921 3280 et
944 3235 1007 3280 non
1030 3217 1086 3282 illa
1109 3219 1265 3287 immensa
1289 3223 1428 3305 potestas

466 3345 588 3429 Erigat
613 3339 762 3417 efficiens
786 3341 921 3424 patiens,
939 3343 1148 3426 capiensque;
1164 3344 1213 3432 (l)
1237 3367 1364 3413 necesse

466 3475 510 3541 Ut
534 3477 661 3540 tantum
685 3474 733 3536 est
754 3489 876 3546 verum,
903 3470 1062 3549 substans,
1084 3475 1282 3559 sapiensque,
1307 3476 1496 3562 bonumque.

511 3602 580 3668 Nec
598 3599 677 3665 sciet
701 3597 884 3664 Heraclitus
906 3598 1084 3685 sejunctam
1102 3599 1151 3689 (5)
1168 3601 1290 3690 fingere
1312 3605 1414 3673 lucem

468 3733 566 3819 ignis,
590 3750 647 3795 nec
671 3728 807 3795 calidum
831 3728 919 3793 nullo
941 3729 1108 3798 insistente
1129 3753 1260 3818 vapore.

452 3932 482 3987 (ll
493 3931 517 3974 1:
524 3928 684 3983 interrogativo
694 3940 775 3971 manca
785 3929 820 3971 nel
830 3935 895 3973 testo.

452 4028 482 4082 (2)
492 4029 576 4076 Questo
587 4024 746 4080 interrogativo
758 4036 837 4067 manca
847 4038 909 4080 puro.

452 4120 483 4175 (3)
496 4118 569 4162 Penni
579 4117 620 4160 che
630 4118 709 4160 invoca
718 4117 739 4159 di
749 4120 829 4161 intrans
837 4118 852 4161 il
863 4120 935 4163 Bruno
944 4120 1042 4165 avrebbe
1051 4122 1135 4167 doruto
1144 4125 1250 4170 scrivere:
1261 4131 1345 4183 Μαρίας
1357 4129 1421 4174 eche
1432 4129 1446 4172 il
1462 4132 1543 4174 'ninus

424 4214 458 4259 siu
467 4220 527 4257 stato
537 4219 601 4269 posto
609 4223 649 4268 per
658 4211 823 4255 inavvertenza:
834 4223 918 4258 cvrare
928 4213 958 4258 ha
967 4214 1087 4274 adoperato
1096 4216 1111 4260 il
1122 4219 1202 4263 minos
1216 4232 1255 4277 per
1268 4232 1325 4267 non.

453 4300 485 4358 (l)
496 4301 579 4351 Questa
588 4299 676 4354 virgolu
686 4312 766 4342 mauce
776 4299 813 4343 uel
824 4307 891 4347 testo.

454 4395 484 4453 (5)
494 4393 510 4440 ll
519 4401 577 4438 testo
586 4393 623 4440 ha:
634 4392 782 4446 sejunctam.
