3442 5108
767 338 945 398 -.317-

334 534 418 602 Nam
442 530 591 598 duodena
614 534 710 616 caput
728 529 797 616 jam
816 530 948 617 jamque
970 525 1084 594 efferre
1109 522 1253 591 videtur:

334 665 472 728 Insanus
496 657 700 741 medicusque
724 657 830 740 ignem
854 653 1028 730 succendit,
1052 657 1089 718 ut
1110 650 1184 716 inde

335 795 524 860 Innumerae
552 790 644 855 simul
670 793 854 865 occurrant,
879 791 1053 854 concentra
1077 785 1256 869 reportans.

335 920 409 986 Istis
433 918 583 982 nimirum
608 922 699 982 tanta
721 921 770 980 est
792 913 937 981 confusio
961 913 1086 992 adorta,

335 1049 480 1131 Namque
504 1046 689 1130 apparentis
713 1043 820 1108 mundi
846 1043 1015 1128 vertiginis
1038 1041 1152 1128 hujus,

335 1175 406 1248 Qua
432 1172 595 1238 definitum
620 1176 670 1238 est
692 1176 816 1255 tempus
839 1171 989 1257 generale
1012 1170 1171 1242 diurnum,

335 1303 531 1388 Principium
558 1300 704 1368 tribuunt
728 1300 814 1376 huic,
839 1319 920 1383 quae
944 1297 1157 1383 supereminet
1179 1312 1285 1365 omne,

336 1433 498 1519 Sphaerae
524 1435 726 1497 constanter:
751 1430 810 1495 sibi
834 1450 891 1496 nec
914 1428 993 1494 adeo
1019 1447 1115 1512 usqne
1140 1426 1348 1511 propinquum

336 1566 534 1649 Agnoscunt,
561 1562 652 1629 velut
676 1561 789 1626 infelix
812 1562 984 1626 Narcissus
1008 1560 1039 1622 in
1062 1555 1155 1622 undis

337 1692 495 1779 Subjectis
520 1693 655 1776 speciem
679 1691 844 1776 complecti
868 1690 990 1767 tendit;
1015 1695 1050 1756 at
1075 1687 1130 1752 illa

336 1821 491 1886 Proxima
518 1840 589 1885 cum
613 1824 679 1885 tam
702 1821 753 1902 sit,
780 1818 903 1885 frustra
927 1822 991 1883 tam
1016 1818 1182 1901 quaeritur
1203 1819 1318 1880 extra:

336 1949 378 2014 Et
401 1948 505 2032 magis
534 1953 630 2031 atque
655 1948 758 2031 magis
782 1945 973 2032 protendens
997 1943 1140 2021 brachia,
1164 1949 1196 2008 et
1219 1941 1307 2007 ultra

334 2074 480 2159 Amplius
512 2072 741 2160 adproperans,
766 2078 856 2139 tanto
879 2073 966 2137 illam
990 2073 1093 2137 cernit
1117 2069 1222 2143 abire:

336 2205 468 2289 Quoque
492 2206 558 2290 ipse
582 2204 746 2282 accedam,
770 2204 832 2269 hoc
856 2204 981 2290 longius
1005 2203 1059 2268 illa
1081 2201 1242 2268 recedens.

333 2343 460 2409 lnterea
493 2342 641 2415 occurrit,
666 2337 782 2404 ridenti
807 2335 942 2407 adridet.
966 2340 999 2401 et
1024 2355 1078 2400 ore

335 2469 452 2534 Oscula
474 2487 556 2552 quae
586 2467 638 2532 hic
660 2471 765 2551 parat,
789 2467 962 2532 concinnat
984 2473 1017 2530 et
1039 2466 1093 2531 illa
1117 2465 1271 2553 vicissim

335 2595 378 2663 Ut
411 2603 539 2682 praeter
562 2595 692 2681 planum
717 2594 796 2658 nihil
820 2594 905 2658 hunc
928 2595 988 2660 siet
1010 2594 1095 2658 inter
1117 2598 1150 2659 et
1172 2591 1271 2656 illam.

335 2723 424 2808 Ergo
452 2721 505 2786 ubi
529 2722 695 2806 complexu
713 2722 765 2786 hic
789 2727 900 2787 votum
924 2721 1112 2786 concludere
1128 2725 1242 2795 tentat,

336 2849 461 2915 Turbat
487 2868 599 2933 aquas:
617 2851 745 2935 species,
770 2856 802 2917 et
824 2871 896 2934 spes
920 2849 1053 2914 confusa
1076 2848 1239 2924 recedunt,

336 2977 379 3043 Ut
404 2977 534 3044 tandem
559 2985 670 3044 noscet
694 2997 812 3042 vanum
835 2977 1009 3042 simulacra
1033 2975 1173 3041 laborem

337 3105 521 3191 Injunxisse
545 3105 626 3186 rim,
652 3107 726 3188 quia
750 3107 897 3188 proxima
921 3104 1164 3189 praetereundo,

338 3233 381 3300 Ut
403 3254 463 3298 sua
486 3254 581 3318 seque
604 3253 678 3298 suos
703 3232 782 3298 fines
806 3234 988 3316 exquireret
1013 3232 1108 3314 ultra,

339 3361 461 3426 Devius
487 3360 598 3425 infelix
622 3368 687 3426 tam
712 3360 838 3445 longius
861 3361 1014 3426 exulata
1038 3380 1081 3435 se,

340 3487 444 3562 Quam
468 3489 615 3573 spaciosa
639 3489 741 3573 magis
764 3486 823 3551 sibi
849 3487 927 3552 coeli
952 3488 1069 3572 templa
1093 3487 1199 3552 subire

339 3615 468 3693 Suadet,
493 3625 526 3683 et
548 3625 721 3703 augustam
744 3618 854 3684 divum
876 3622 1057 3705 pertingere
1080 3621 1112 3685 in
1137 3622 1257 3688 aulam.

335 3807 376 3866 Ut
397 3807 568 3886 philosopho
589 3810 788 3869 accredendo
809 3829 864 3869 non
886 3813 970 3883 sunt,
993 3829 1067 3887 quae
1089 3816 1237 3888 nequeunt
1254 3810 1422 3872 evidentius

295 3929 422 4005 probari,
445 3927 487 3988 ita
508 3946 600 4006 noque
616 3934 727 3991 temero
742 3936 810 3991 sunt
825 3933 1007 4009 reprobanda
1022 3950 1096 4009 quae
1111 3938 1193 3993 certa
1216 3952 1274 3992 non
1297 3938 1421 4011 possunt

294 4049 422 4110 incusari
438 4051 484 4132 (l)
500 4056 622 4113 ratione.
639 4055 712 4114 Esto
723 4057 769 4125 (ut
783 4075 872 4133 pones
887 4074 934 4115 me
949 4057 1027 4117 nullo
1049 4061 1095 4117 est
1116 4058 1215 4137 pacto)
1228 4059 1273 4136 (2)
1289 4059 1421 4132 dubium,

295 4193 331 4234 en
348 4178 517 4238 universum
534 4199 641 4257 ponere
657 4183 814 4241 debeamus
828 4181 873 4261 (3)
888 4183 1078 4242 terminatum
1093 4199 1183 4242 necne
1194 4186 1206 4237 l
1217 4180 1290 4241 Cum
1306 4187 1420 4244 constet

327 4360 357 4413 (lt
367 4360 382 4402 ll
393 4366 451 4403 testo
462 4360 497 4403 ha:
510 4363 628 4405 incruorc.

327 4453 357 4505 (ἐ)
366 4451 382 4494 ll
393 4459 451 4496 testo
465 4453 495 4496 lm
505 4466 512 4494 .·
521 4461 598 4509 pacm.

334 4547 357 4603 ³)
367 4545 382 4590 ll
392 4555 450 4594 testo
459 4549 497 4594 ha·
504 4561 590 4606 poure
598 4551 723 4596 ᾱθὸειιηιιι.
