<?xml version="1.0" encoding="UTF-8"?>
<!DOCTYPE html PUBLIC "-//W3C//DTD XHTML 1.0 Transitional//EN"
    "http://www.w3.org/TR/xhtml1/DTD/xhtml1-transitional.dtd">
<html xmlns="http://www.w3.org/1999/xhtml" xml:lang="en" lang="en">
 <head>
  <title>
</title>
<meta http-equiv="Content-Type" content="text/html;charset=utf-8" />
  <meta name='ocr-system' content='tesseract 3.04.00' />
  <meta name='ocr-capabilities' content='ocr_page ocr_carea ocr_par ocr_line ocrx_word'/>
</head>
<body>
  <div class='ocr_page' id='page_1' title='image "./jordanibruninol04brungoog_0162.png"; bbox 0 0 3442 5108; ppageno 0'>
   <div class='ocr_carea' id='block_1_1' title="bbox 707 357 885 421">
    <p class='ocr_par' dir='ltr' id='par_1_1' title="bbox 707 357 885 421">
     <span class='ocr_line' id='line_1_1' title="bbox 707 357 885 421; baseline -0.017 -1"><span class='ocrx_word' id='word_1_1' title='bbox 707 357 885 421; x_wconf 83' lang='lat'>-115-</span> 
     </span>
    </p>
   </div>
   <div class='ocr_carea' id='block_1_2' title="bbox 231 547 1358 2536">
    <p class='ocr_par' dir='ltr' id='par_1_2' title="bbox 231 547 1358 2536">
     <span class='ocr_line' id='line_1_2' title="bbox 239 547 1358 650; baseline 0.003 -26"><span class='ocrx_word' id='word_1_2' title='bbox 239 553 338 626; x_wconf 89' lang='lat' dir='ltr'>oerte</span> <span class='ocrx_word' id='word_1_3' title='bbox 357 547 394 623; x_wconf 93' lang='lat' dir='ltr'>in</span> <span class='ocrx_word' id='word_1_4' title='bbox 413 547 546 650; x_wconf 90' lang='lat' dir='ltr'>quibus</span> <span class='ocrx_word' id='word_1_5' title='bbox 565 547 696 649; x_wconf 80' lang='lat' dir='ltr'>negari</span> <span class='ocrx_word' id='word_1_6' title='bbox 714 573 790 625; x_wconf 92' lang='lat' dir='ltr'>non</span> <span class='ocrx_word' id='word_1_7' title='bbox 808 552 942 650; x_wconf 89' lang='lat' dir='ltr'>potest:</span> <span class='ocrx_word' id='word_1_8' title='bbox 961 574 1009 626; x_wconf 84' lang='lat' dir='ltr'>ex</span> <span class='ocrx_word' id='word_1_9' title='bbox 1026 553 1132 627; x_wconf 91' lang='lat' dir='ltr'>motu</span> <span class='ocrx_word' id='word_1_10' title='bbox 1146 549 1247 627; x_wconf 90' lang='lat' dir='ltr'>enim</span> <span class='ocrx_word' id='word_1_11' title='bbox 1260 547 1358 627; x_wconf 84' lang='lat' dir='ltr'>loea-</span> 
     </span>
     <span class='ocr_line' id='line_1_3' title="bbox 237 675 1357 779; baseline 0.003 -28"><span class='ocrx_word' id='word_1_12' title='bbox 237 675 274 769; x_wconf 91' lang='lat' dir='ltr'>li,</span> <span class='ocrx_word' id='word_1_13' title='bbox 309 679 346 752; x_wconf 92' lang='lat' dir='ltr'>et</span> <span class='ocrx_word' id='word_1_14' title='bbox 377 678 481 751; x_wconf 93' lang='lat' dir='ltr'>motu</span> <span class='ocrx_word' id='word_1_15' title='bbox 513 675 718 752; x_wconf 85' lang='lat' dir='ltr'>seeundum</span> <span class='ocrx_word' id='word_1_16' title='bbox 750 677 1055 779; x_wconf 76' lang='lat' dir='ltr'>generationem,</span> <span class='ocrx_word' id='word_1_17' title='bbox 1084 680 1121 755; x_wconf 88' lang='lat' dir='ltr'>et</span> <span class='ocrx_word' id='word_1_18' title='bbox 1153 679 1357 755; x_wconf 85' lang='lat' dir='ltr'>seeundum</span> 
     </span>
     <span class='ocr_line' id='line_1_4' title="bbox 238 800 1356 904; baseline 0 -26"><span class='ocrx_word' id='word_1_19' title='bbox 238 801 484 904; x_wconf 74' lang='lat' dir='ltr'>quantitatem</span> <span class='ocrx_word' id='word_1_20' title='bbox 509 800 719 878; x_wconf 86' lang='lat' dir='ltr'>necessario</span> <span class='ocrx_word' id='word_1_21' title='bbox 738 800 907 904; x_wconf 89' lang='lat' dir='ltr'>sequitur</span> <span class='ocrx_word' id='word_1_22' title='bbox 925 807 1049 879; x_wconf 89' lang='lat' dir='ltr'>motus</span> <span class='ocrx_word' id='word_1_23' title='bbox 1068 804 1272 881; x_wconf 88' lang='lat' dir='ltr'>secundum</span> <span class='ocrx_word' id='word_1_24' title='bbox 1290 803 1356 879; x_wconf 79' lang='lat' dir='ltr'>lra-</span> 
     </span>
     <span class='ocr_line' id='line_1_5' title="bbox 235 926 1355 1030; baseline 0.004 -28"><span class='ocrx_word' id='word_1_25' title='bbox 235 928 450 1016; x_wconf 89' lang='lat' dir='ltr'>bitudinem,</span> <span class='ocrx_word' id='word_1_26' title='bbox 470 930 508 1004; x_wconf 89' lang='lat' dir='ltr'>et</span> <span class='ocrx_word' id='word_1_27' title='bbox 527 927 757 1016; x_wconf 84' lang='lat' dir='ltr'>relationem,</span> <span class='ocrx_word' id='word_1_28' title='bbox 777 953 849 1028; x_wconf 88' lang='lat' dir='ltr'>qua</span> <span class='ocrx_word' id='word_1_29' title='bbox 868 926 1007 1030; x_wconf 87' lang='lat' dir='ltr'>aliquid</span> <span class='ocrx_word' id='word_1_30' title='bbox 1026 927 1162 1005; x_wconf 84' lang='lat' dir='ltr'>dicitur</span> <span class='ocrx_word' id='word_1_31' title='bbox 1175 929 1355 1030; x_wconf 83' lang='lat' dir='ltr'>genitum,</span> 
     </span>
     <span class='ocr_line' id='line_1_6' title="bbox 234 1053 1356 1158; baseline 0.004 -31"><span class='ocrx_word' id='word_1_32' title='bbox 234 1053 345 1145; x_wconf 86' lang='lat' dir='ltr'>filius,</span> <span class='ocrx_word' id='word_1_33' title='bbox 365 1057 482 1154; x_wconf 90' lang='lat' dir='ltr'>pater,</span> <span class='ocrx_word' id='word_1_34' title='bbox 504 1054 690 1146; x_wconf 84' lang='lat' dir='ltr'>dextrum,</span> <span class='ocrx_word' id='word_1_35' title='bbox 710 1053 895 1156; x_wconf 77' lang='lat' dir='ltr'>superma,</span> <span class='ocrx_word' id='word_1_36' title='bbox 914 1056 1047 1157; x_wconf 87' lang='lat' dir='ltr'>majus,</span> <span class='ocrx_word' id='word_1_37' title='bbox 1067 1054 1203 1148; x_wconf 91' lang='lat' dir='ltr'>minus,</span> <span class='ocrx_word' id='word_1_38' title='bbox 1223 1080 1356 1158; x_wconf 88' lang='lat' dir='ltr'>aequa·</span> 
     </span>
     <span class='ocr_line' id='line_1_7' title="bbox 235 1177 1354 1282; baseline 0.003 -29"><span class='ocrx_word' id='word_1_39' title='bbox 235 1178 281 1255; x_wconf 91' lang='lat' dir='ltr'>le.</span> <span class='ocrx_word' id='word_1_40' title='bbox 301 1178 451 1255; x_wconf 84' lang='lat' dir='ltr'>Pariter</span> <span class='ocrx_word' id='word_1_41' title='bbox 468 1179 514 1255; x_wconf 92' lang='lat' dir='ltr'>ad</span> <span class='ocrx_word' id='word_1_42' title='bbox 536 1177 746 1271; x_wconf 87' lang='lat' dir='ltr'>actionem,</span> <span class='ocrx_word' id='word_1_43' title='bbox 767 1186 805 1256; x_wconf 86' lang='lat' dir='ltr'>et</span> <span class='ocrx_word' id='word_1_44' title='bbox 823 1179 862 1255; x_wconf 89' lang='lat' dir='ltr'>in</span> <span class='ocrx_word' id='word_1_45' title='bbox 880 1179 1046 1275; x_wconf 84' lang='lat' dir='ltr'>actione,</span> <span class='ocrx_word' id='word_1_46' title='bbox 1065 1205 1132 1257; x_wconf 92' lang='lat' dir='ltr'>seu</span> <span class='ocrx_word' id='word_1_47' title='bbox 1150 1205 1288 1282; x_wconf 85' lang='lat' dir='ltr'>agere,</span> <span class='ocrx_word' id='word_1_48' title='bbox 1308 1180 1354 1256; x_wconf 88' lang='lat' dir='ltr'>ad</span> 
     </span>
     <span class='ocr_line' id='line_1_8' title="bbox 233 1303 1354 1407; baseline 0.002 -27"><span class='ocrx_word' id='word_1_49' title='bbox 233 1303 456 1406; x_wconf 84' lang='lat' dir='ltr'>passionem,</span> <span class='ocrx_word' id='word_1_50' title='bbox 474 1328 539 1381; x_wconf 91' lang='lat' dir='ltr'>seu</span> <span class='ocrx_word' id='word_1_51' title='bbox 557 1304 646 1407; x_wconf 90' lang='lat' dir='ltr'>pati,</span> <span class='ocrx_word' id='word_1_52' title='bbox 667 1308 704 1381; x_wconf 91' lang='lat' dir='ltr'>et</span> <span class='ocrx_word' id='word_1_53' title='bbox 722 1304 761 1381; x_wconf 92' lang='lat' dir='ltr'>in</span> <span class='ocrx_word' id='word_1_54' title='bbox 781 1305 952 1406; x_wconf 88' lang='lat' dir='ltr'>passione</span> <span class='ocrx_word' id='word_1_55' title='bbox 971 1308 1093 1384; x_wconf 90' lang='lat' dir='ltr'>motus</span> <span class='ocrx_word' id='word_1_56' title='bbox 1113 1308 1189 1394; x_wconf 91' lang='lat' dir='ltr'>est,</span> <span class='ocrx_word' id='word_1_57' title='bbox 1210 1304 1241 1382; x_wconf 91' lang='lat' dir='ltr'>si</span> <span class='ocrx_word' id='word_1_58' title='bbox 1261 1305 1354 1382; x_wconf 84' lang='lat' dir='ltr'>haee</span> 
     </span>
     <span class='ocr_line' id='line_1_9' title="bbox 235 1428 1354 1529; baseline 0.004 -27"><span class='ocrx_word' id='word_1_59' title='bbox 235 1429 315 1529; x_wconf 89' lang='lat' dir='ltr'>ipsa</span> <span class='ocrx_word' id='word_1_60' title='bbox 333 1433 456 1506; x_wconf 92' lang='lat' dir='ltr'>motus</span> <span class='ocrx_word' id='word_1_61' title='bbox 475 1454 551 1506; x_wconf 93' lang='lat' dir='ltr'>non</span> <span class='ocrx_word' id='word_1_62' title='bbox 570 1432 668 1506; x_wconf 90' lang='lat' dir='ltr'>sunt.</span> <span class='ocrx_word' id='word_1_63' title='bbox 689 1428 866 1506; x_wconf 89' lang='lat' dir='ltr'>Similiter</span> <span class='ocrx_word' id='word_1_64' title='bbox 884 1430 922 1507; x_wconf 93' lang='lat' dir='ltr'>in</span> <span class='ocrx_word' id='word_1_65' title='bbox 941 1430 1027 1524; x_wconf 86' lang='lat' dir='ltr'>situ,</span> <span class='ocrx_word' id='word_1_66' title='bbox 1048 1430 1150 1507; x_wconf 90' lang='lat' dir='ltr'>etad</span> <span class='ocrx_word' id='word_1_67' title='bbox 1169 1430 1294 1523; x_wconf 91' lang='lat' dir='ltr'>situm,</span> <span class='ocrx_word' id='word_1_68' title='bbox 1313 1429 1354 1506; x_wconf 92' lang='lat' dir='ltr'>in</span> 
     </span>
     <span class='ocr_line' id='line_1_10' title="bbox 236 1554 1354 1658; baseline 0.003 -29"><span class='ocrx_word' id='word_1_69' title='bbox 236 1555 381 1655; x_wconf 88' lang='lat' dir='ltr'>quando</span> <span class='ocrx_word' id='word_1_70' title='bbox 401 1559 439 1631; x_wconf 89' lang='lat' dir='ltr'>et</span> <span class='ocrx_word' id='word_1_71' title='bbox 458 1556 505 1631; x_wconf 94' lang='lat' dir='ltr'>ad</span> <span class='ocrx_word' id='word_1_72' title='bbox 525 1555 671 1658; x_wconf 93' lang='lat' dir='ltr'>quando</span> <span class='ocrx_word' id='word_1_73' title='bbox 689 1610 698 1648; x_wconf 91' lang='lat'><strong>‚</strong></span> <span class='ocrx_word' id='word_1_74' title='bbox 717 1555 756 1631; x_wconf 92' lang='lat' dir='ltr'>in</span> <span class='ocrx_word' id='word_1_75' title='bbox 774 1554 838 1632; x_wconf 92' lang='lat' dir='ltr'>ubi</span> <span class='ocrx_word' id='word_1_76' title='bbox 856 1557 959 1634; x_wconf 90' lang='lat' dir='ltr'>etad</span> <span class='ocrx_word' id='word_1_77' title='bbox 978 1556 1061 1650; x_wconf 90' lang='lat' dir='ltr'>nbi,</span> <span class='ocrx_word' id='word_1_78' title='bbox 1081 1555 1119 1633; x_wconf 94' lang='lat' dir='ltr'>in</span> <span class='ocrx_word' id='word_1_79' title='bbox 1136 1556 1287 1643; x_wconf 90' lang='lat' dir='ltr'>habere,</span> <span class='ocrx_word' id='word_1_80' title='bbox 1315 1559 1354 1634; x_wconf 90' lang='lat' dir='ltr'>et</span> 
     </span>
     <span class='ocr_line' id='line_1_11' title="bbox 232 1680 1351 1784; baseline 0.003 -29"><span class='ocrx_word' id='word_1_81' title='bbox 232 1681 279 1756; x_wconf 93' lang='lat' dir='ltr'>ad</span> <span class='ocrx_word' id='word_1_82' title='bbox 298 1680 448 1775; x_wconf 84' lang='lat' dir='ltr'>habere,</span> <span class='ocrx_word' id='word_1_83' title='bbox 470 1682 501 1758; x_wconf 93' lang='lat' dir='ltr'>si</span> <span class='ocrx_word' id='word_1_84' title='bbox 515 1680 596 1783; x_wconf 93' lang='lat' dir='ltr'>quis</span> <span class='ocrx_word' id='word_1_85' title='bbox 615 1684 714 1758; x_wconf 86' lang='lat' dir='ltr'>reete</span> <span class='ocrx_word' id='word_1_86' title='bbox 727 1681 883 1784; x_wconf 84' lang='lat' dir='ltr'>judicet,</span> <span class='ocrx_word' id='word_1_87' title='bbox 912 1681 1097 1760; x_wconf 89' lang='lat' dir='ltr'>videbitur</span> <span class='ocrx_word' id='word_1_88' title='bbox 1115 1706 1198 1758; x_wconf 88' lang='lat' dir='ltr'>esse</span> <span class='ocrx_word' id='word_1_89' title='bbox 1215 1685 1351 1776; x_wconf 77' lang='lat' dir='ltr'>motuS,</span> 
     </span>
     <span class='ocr_line' id='line_1_12' title="bbox 232 1807 1351 1901; baseline 0.002 -19"><span class='ocrx_word' id='word_1_90' title='bbox 232 1831 316 1882; x_wconf 89' lang='lat' dir='ltr'>oum</span> <span class='ocrx_word' id='word_1_91' title='bbox 337 1811 440 1884; x_wconf 88' lang='lat' dir='ltr'>stans</span> <span class='ocrx_word' id='word_1_92' title='bbox 455 1808 497 1885; x_wconf 87' lang='lat' dir='ltr'>fit</span> <span class='ocrx_word' id='word_1_93' title='bbox 516 1807 647 1885; x_wconf 87' lang='lat' dir='ltr'>sedens</span> <span class='ocrx_word' id='word_1_94' title='bbox 667 1866 676 1901; x_wconf 93' lang='lat'>,</span> <span class='ocrx_word' id='word_1_95' title='bbox 705 1833 791 1885; x_wconf 89' lang='lat' dir='ltr'>oum</span> <span class='ocrx_word' id='word_1_96' title='bbox 810 1808 1026 1886; x_wconf 87' lang='lat' dir='ltr'>hesternum</span> <span class='ocrx_word' id='word_1_97' title='bbox 1048 1808 1092 1886; x_wconf 89' lang='lat' dir='ltr'>fit</span> <span class='ocrx_word' id='word_1_98' title='bbox 1109 1807 1351 1901; x_wconf 90' lang='lat' dir='ltr'>hodiernum,</span> 
     </span>
     <span class='ocr_line' id='line_1_13' title="bbox 232 1933 1349 2037; baseline 0.002 -29"><span class='ocrx_word' id='word_1_99' title='bbox 232 1937 321 2008; x_wconf 90' lang='lat' dir='ltr'>dum</span> <span class='ocrx_word' id='word_1_100' title='bbox 331 1934 429 2034; x_wconf 92' lang='lat' dir='ltr'>qnod</span> <span class='ocrx_word' id='word_1_101' title='bbox 448 1938 503 2010; x_wconf 93' lang='lat' dir='ltr'>est</span> <span class='ocrx_word' id='word_1_102' title='bbox 520 1935 630 2028; x_wconf 90' lang='lat' dir='ltr'>domi,</span> <span class='ocrx_word' id='word_1_103' title='bbox 641 1934 685 2010; x_wconf 90' lang='lat' dir='ltr'>fit</span> <span class='ocrx_word' id='word_1_104' title='bbox 699 1933 736 2010; x_wconf 91' lang='lat' dir='ltr'>in</span> <span class='ocrx_word' id='word_1_105' title='bbox 755 1933 847 2011; x_wconf 87' lang='lat' dir='ltr'>foro:</span> <span class='ocrx_word' id='word_1_106' title='bbox 863 1935 1044 2037; x_wconf 90' lang='lat' dir='ltr'>quodnon</span> <span class='ocrx_word' id='word_1_107' title='bbox 1063 1938 1119 2012; x_wconf 88' lang='lat' dir='ltr'>est</span> <span class='ocrx_word' id='word_1_108' title='bbox 1129 1934 1349 2012; x_wconf 90' lang='lat' dir='ltr'>annulatum</span> 
     </span>
     <span class='ocr_line' id='line_1_14' title="bbox 231 2059 1348 2163; baseline 0.002 -30"><span class='ocrx_word' id='word_1_109' title='bbox 231 2063 268 2134; x_wconf 93' lang='lat' dir='ltr'>et</span> <span class='ocrx_word' id='word_1_110' title='bbox 288 2063 487 2135; x_wconf 83' lang='lat' dir='ltr'>uxoratum</span> <span class='ocrx_word' id='word_1_111' title='bbox 506 2060 549 2135; x_wconf 91' lang='lat' dir='ltr'>fit</span> <span class='ocrx_word' id='word_1_112' title='bbox 559 2062 758 2137; x_wconf 84' lang='lat' dir='ltr'>uxoratum</span> <span class='ocrx_word' id='word_1_113' title='bbox 770 2063 807 2137; x_wconf 91' lang='lat' dir='ltr'>et</span> <span class='ocrx_word' id='word_1_114' title='bbox 819 2061 1048 2138; x_wconf 87' lang='lat' dir='ltr'>annulatum.</span> <span class='ocrx_word' id='word_1_115' title='bbox 1061 2060 1139 2139; x_wconf 85' lang='lat' dir='ltr'>Cur</span> <span class='ocrx_word' id='word_1_116' title='bbox 1147 2059 1262 2163; x_wconf 82' lang='lat' dir='ltr'>igitur</span> <span class='ocrx_word' id='word_1_117' title='bbox 1272 2084 1348 2136; x_wconf 89' lang='lat' dir='ltr'>mo-</span> 
     </span>
     <span class='ocr_line' id='line_1_15' title="bbox 232 2184 1346 2289; baseline 0 -29"><span class='ocrx_word' id='word_1_118' title='bbox 232 2189 293 2260; x_wconf 92' lang='lat' dir='ltr'>tus</span> <span class='ocrx_word' id='word_1_119' title='bbox 312 2184 453 2287; x_wconf 86' lang='lat' dir='ltr'>species</span> <span class='ocrx_word' id='word_1_120' title='bbox 471 2211 571 2264; x_wconf 85' lang='lat' dir='ltr'>nuno</span> <span class='ocrx_word' id='word_1_121' title='bbox 590 2187 737 2289; x_wconf 91' lang='lat' dir='ltr'>quidem</span> <span class='ocrx_word' id='word_1_122' title='bbox 756 2193 930 2287; x_wconf 89' lang='lat' dir='ltr'>quatuor,</span> <span class='ocrx_word' id='word_1_123' title='bbox 949 2213 1048 2264; x_wconf 85' lang='lat' dir='ltr'>nuno</span> <span class='ocrx_word' id='word_1_124' title='bbox 1067 2211 1157 2263; x_wconf 85' lang='lat' dir='ltr'>vero</span> <span class='ocrx_word' id='word_1_125' title='bbox 1173 2211 1239 2261; x_wconf 83' lang='lat' dir='ltr'>sex</span> <span class='ocrx_word' id='word_1_126' title='bbox 1257 2188 1346 2261; x_wconf 90' lang='lat' dir='ltr'>tan-</span> 
     </span>
     <span class='ocr_line' id='line_1_16' title="bbox 235 2309 1347 2405; baseline 0.002 -22"><span class='ocrx_word' id='word_1_127' title='bbox 235 2313 313 2385; x_wconf 90' lang='lat' dir='ltr'>tum</span> <span class='ocrx_word' id='word_1_128' title='bbox 332 2309 444 2388; x_wconf 81' lang='lat' dir='ltr'>saciat</span> <span class='ocrx_word' id='word_1_129' title='bbox 462 2313 695 2405; x_wconf 85' lang='lat' dir='ltr'>Aristoteles,</span> <span class='ocrx_word' id='word_1_130' title='bbox 715 2311 903 2389; x_wconf 85' lang='lat' dir='ltr'>addiscere</span> <span class='ocrx_word' id='word_1_131' title='bbox 932 2314 1065 2391; x_wconf 91' lang='lat' dir='ltr'>vellem</span> <span class='ocrx_word' id='word_1_132' title='bbox 1094 2309 1347 2389; x_wconf 89' lang='lat' dir='ltr'>libentissime.</span> 
     </span>
     <span class='ocr_line' id='line_1_17' title="bbox 235 2431 987 2536; baseline 0.007 -28"><span class='ocrx_word' id='word_1_133' title='bbox 235 2431 267 2508; x_wconf 87' lang='lat' dir='ltr'>N</span> <span class='ocrx_word' id='word_1_134' title='bbox 272 2431 410 2535; x_wconf 90' lang='lat' dir='ltr'>unquid</span> <span class='ocrx_word' id='word_1_135' title='bbox 430 2443 467 2517; x_wconf 76' lang='lat' dir='ltr'>et</span> <span class='ocrx_word' id='word_1_136' title='bbox 485 2440 640 2517; x_wconf 76' lang='lat' dir='ltr'>totidem</span> <span class='ocrx_word' id='word_1_137' title='bbox 659 2435 987 2536; x_wconf 68' lang='lat' dir='ltr'>praedicamenta?</span> 
     </span>
    </p>
   </div>
   <div class='ocr_carea' id='block_1_3' title="bbox 680 2688 897 2742">
    <p class='ocr_par' dir='ltr' id='par_1_3' title="bbox 680 2688 897 2742">
     <span class='ocr_line' id='line_1_18' title="bbox 680 2688 897 2742; baseline 0.005 -2"><span class='ocrx_word' id='word_1_138' title='bbox 680 2688 798 2742; x_wconf 81' lang='lat' dir='ltr'><strong>ARTIC.</strong></span> <span class='ocrx_word' id='word_1_139' title='bbox 819 2689 897 2741; x_wconf 83' lang='lat' dir='ltr'>XIX.</span> 
     </span>
    </p>
   </div>
   <div class='ocr_carea' id='block_1_4' title="bbox 228 2912 1346 3271">
    <p class='ocr_par' dir='ltr' id='par_1_4' title="bbox 228 2912 1346 3271">
     <span class='ocr_line' id='line_1_19' title="bbox 280 2912 1346 3019; baseline 0.001 -31"><span class='ocrx_word' id='word_1_140' title='bbox 280 2912 402 3014; x_wconf 82' lang='lat' dir='ltr'>Magis</span> <span class='ocrx_word' id='word_1_141' title='bbox 421 2913 601 2992; x_wconf 87' lang='lat' dir='ltr'>definiunt</span> <span class='ocrx_word' id='word_1_142' title='bbox 620 2920 762 2992; x_wconf 90' lang='lat' dir='ltr'>motum</span> <span class='ocrx_word' id='word_1_143' title='bbox 781 2915 844 3019; x_wconf 91' lang='lat' dir='ltr'>qui</span> <span class='ocrx_word' id='word_1_144' title='bbox 861 2914 983 3019; x_wconf 92' lang='lat' dir='ltr'>ipsum</span> <span class='ocrx_word' id='word_1_145' title='bbox 997 2912 1233 3002; x_wconf 88' lang='lat' dir='ltr'>alteritatem,</span> <span class='ocrx_word' id='word_1_146' title='bbox 1247 2913 1346 2990; x_wconf 89' lang='lat' dir='ltr'>inae-</span> 
     </span>
     <span class='ocr_line' id='line_1_20' title="bbox 228 3036 1344 3146; baseline 0.004 -34"><span class='ocrx_word' id='word_1_147' title='bbox 228 3036 464 3138; x_wconf 87' lang='lat' dir='ltr'>qualitatem,</span> <span class='ocrx_word' id='word_1_148' title='bbox 485 3045 523 3118; x_wconf 91' lang='lat' dir='ltr'>et</span> <span class='ocrx_word' id='word_1_149' title='bbox 540 3066 615 3120; x_wconf 92' lang='lat' dir='ltr'>non</span> <span class='ocrx_word' id='word_1_150' title='bbox 634 3068 699 3120; x_wconf 92' lang='lat' dir='ltr'>ens</span> <span class='ocrx_word' id='word_1_151' title='bbox 719 3043 903 3146; x_wconf 88' lang='lat' dir='ltr'>quoddam</span> <span class='ocrx_word' id='word_1_152' title='bbox 929 3065 1010 3119; x_wconf 87' lang='lat' dir='ltr'>esso</span> <span class='ocrx_word' id='word_1_153' title='bbox 1028 3039 1213 3134; x_wconf 85' lang='lat' dir='ltr'>dixerint,</span> <span class='ocrx_word' id='word_1_154' title='bbox 1232 3061 1344 3141; x_wconf 91' lang='lat' dir='ltr'>quam</span> 
     </span>
     <span class='ocr_line' id='line_1_21' title="bbox 231 3164 1219 3271; baseline 0.003 -33"><span class='ocrx_word' id='word_1_155' title='bbox 231 3164 292 3267; x_wconf 91' lang='lat' dir='ltr'>qui</span> <span class='ocrx_word' id='word_1_156' title='bbox 313 3167 438 3242; x_wconf 85' lang='lat' dir='ltr'>actum</span> <span class='ocrx_word' id='word_1_157' title='bbox 457 3168 650 3269; x_wconf 91' lang='lat' dir='ltr'>ejusmodi,</span> <span class='ocrx_word' id='word_1_158' title='bbox 669 3168 816 3271; x_wconf 91' lang='lat' dir='ltr'>qualem</span> <span class='ocrx_word' id='word_1_159' title='bbox 835 3168 969 3245; x_wconf 90' lang='lat' dir='ltr'>astruit</span> <span class='ocrx_word' id='word_1_160' title='bbox 987 3166 1219 3245; x_wconf 88' lang='lat' dir='ltr'>Aristoteles.</span> 
     </span>
    </p>
   </div>
   <div class='ocr_carea' id='block_1_5' title="bbox 720 3443 845 3497">
    <p class='ocr_par' dir='ltr' id='par_1_5' title="bbox 720 3443 845 3497">
     <span class='ocr_line' id='line_1_22' title="bbox 720 3443 845 3497; baseline 0.008 -1"><span class='ocrx_word' id='word_1_161' title='bbox 720 3443 845 3497; x_wconf 77' lang='lat' dir='ltr'><strong>RATIO·</strong></span> 
     </span>
    </p>
   </div>
   <div class='ocr_carea' id='block_1_6' title="bbox 219 3665 1341 4396">
    <p class='ocr_par' dir='ltr' id='par_1_6' title="bbox 219 3665 1341 4396">
     <span class='ocr_line' id='line_1_23' title="bbox 276 3665 1341 3771; baseline 0.002 -31"><span class='ocrx_word' id='word_1_162' title='bbox 276 3665 359 3741; x_wconf 91' lang='lat' dir='ltr'>Non</span> <span class='ocrx_word' id='word_1_163' title='bbox 387 3673 444 3742; x_wconf 87' lang='lat' dir='ltr'>est</span> <span class='ocrx_word' id='word_1_164' title='bbox 472 3668 568 3769; x_wconf 92' lang='lat' dir='ltr'>quod</span> <span class='ocrx_word' id='word_1_165' title='bbox 596 3668 815 3746; x_wconf 82' lang='lat' dir='ltr'>Aristoteles</span> <span class='ocrx_word' id='word_1_166' title='bbox 835 3667 919 3746; x_wconf 89' lang='lat' dir='ltr'>inde</span> <span class='ocrx_word' id='word_1_167' title='bbox 938 3670 1083 3771; x_wconf 77' lang='lat' dir='ltr'>urgeat,</span> <span class='ocrx_word' id='word_1_168' title='bbox 1103 3666 1200 3769; x_wconf 92' lang='lat' dir='ltr'>quod</span> <span class='ocrx_word' id='word_1_169' title='bbox 1219 3665 1341 3743; x_wconf 88' lang='lat' dir='ltr'>alteri·</span> 
     </span>
     <span class='ocr_line' id='line_1_24' title="bbox 226 3790 1341 3898; baseline 0.002 -32"><span class='ocrx_word' id='word_1_170' title='bbox 226 3796 305 3884; x_wconf 90' lang='lat' dir='ltr'>tas,</span> <span class='ocrx_word' id='word_1_171' title='bbox 333 3790 597 3893; x_wconf 86' lang='lat' dir='ltr'>inaequalitas,</span> <span class='ocrx_word' id='word_1_172' title='bbox 628 3799 666 3871; x_wconf 89' lang='lat' dir='ltr'>et</span> <span class='ocrx_word' id='word_1_173' title='bbox 683 3820 757 3873; x_wconf 93' lang='lat' dir='ltr'>non</span> <span class='ocrx_word' id='word_1_174' title='bbox 777 3821 843 3873; x_wconf 91' lang='lat' dir='ltr'>ens</span> <span class='ocrx_word' id='word_1_175' title='bbox 861 3795 900 3871; x_wconf 92' lang='lat' dir='ltr'>in</span> <span class='ocrx_word' id='word_1_176' title='bbox 918 3794 963 3872; x_wconf 92' lang='lat' dir='ltr'>iis</span> <span class='ocrx_word' id='word_1_177' title='bbox 983 3819 1079 3898; x_wconf 85' lang='lat' dir='ltr'>quae</span> <span class='ocrx_word' id='word_1_178' title='bbox 1097 3817 1173 3870; x_wconf 93' lang='lat' dir='ltr'>non</span> <span class='ocrx_word' id='word_1_179' title='bbox 1191 3816 1341 3869; x_wconf 87' lang='lat' dir='ltr'>moven-</span> 
     </span>
     <span class='ocr_line' id='line_1_25' title="bbox 223 3916 1338 4023; baseline 0.002 -31"><span class='ocrx_word' id='word_1_180' title='bbox 223 3923 295 4007; x_wconf 81' lang='lat' dir='ltr'>tur,</span> <span class='ocrx_word' id='word_1_181' title='bbox 318 3916 376 3992; x_wconf 88' lang='lat' dir='ltr'>vel</span> <span class='ocrx_word' id='word_1_182' title='bbox 395 3922 496 3994; x_wconf 80' lang='lat' dir='ltr'>nrota</span> <span class='ocrx_word' id='word_1_183' title='bbox 515 3920 721 4021; x_wconf 86' lang='lat' dir='ltr'>quiescunt,</span> <span class='ocrx_word' id='word_1_184' title='bbox 741 3921 967 3999; x_wconf 81' lang='lat' dir='ltr'>verificatur:</span> <span class='ocrx_word' id='word_1_185' title='bbox 988 3919 1160 4023; x_wconf 89' lang='lat' dir='ltr'>quioquid</span> <span class='ocrx_word' id='word_1_186' title='bbox 1179 3923 1235 3995; x_wconf 87' lang='lat' dir='ltr'>est</span> <span class='ocrx_word' id='word_1_187' title='bbox 1254 3917 1338 4012; x_wconf 87' lang='lat' dir='ltr'>hoo,</span> 
     </span>
     <span class='ocr_line' id='line_1_26' title="bbox 220 4043 1338 4149; baseline 0.001 -31"><span class='ocrx_word' id='word_1_188' title='bbox 220 4068 296 4119; x_wconf 90' lang='lat' dir='ltr'>non</span> <span class='ocrx_word' id='word_1_189' title='bbox 326 4048 383 4119; x_wconf 90' lang='lat' dir='ltr'>est</span> <span class='ocrx_word' id='word_1_190' title='bbox 410 4043 523 4138; x_wconf 92' lang='lat' dir='ltr'>illud,</span> <span class='ocrx_word' id='word_1_191' title='bbox 544 4051 581 4122; x_wconf 90' lang='lat' dir='ltr'>et</span> <span class='ocrx_word' id='word_1_192' title='bbox 608 4046 782 4149; x_wconf 87' lang='lat' dir='ltr'>quioquid</span> <span class='ocrx_word' id='word_1_193' title='bbox 800 4047 864 4124; x_wconf 90' lang='lat' dir='ltr'>uni</span> <span class='ocrx_word' id='word_1_194' title='bbox 883 4050 940 4123; x_wconf 89' lang='lat' dir='ltr'>est</span> <span class='ocrx_word' id='word_1_195' title='bbox 958 4046 1135 4148; x_wconf 88' lang='lat' dir='ltr'>aequale,</span> <span class='ocrx_word' id='word_1_196' title='bbox 1154 4043 1261 4121; x_wconf 85' lang='lat' dir='ltr'>alteri</span> <span class='ocrx_word' id='word_1_197' title='bbox 1280 4047 1338 4121; x_wconf 88' lang='lat' dir='ltr'>est</span> 
     </span>
     <span class='ocr_line' id='line_1_27' title="bbox 220 4168 1337 4274; baseline 0 -30"><span class='ocrx_word' id='word_1_198' title='bbox 220 4168 411 4268; x_wconf 85' lang='lat' dir='ltr'>inaequale</span> <span class='ocrx_word' id='word_1_199' title='bbox 427 4195 436 4244; x_wconf 91' lang='lat'>:</span> <span class='ocrx_word' id='word_1_200' title='bbox 455 4175 492 4245; x_wconf 87' lang='lat' dir='ltr'>et</span> <span class='ocrx_word' id='word_1_201' title='bbox 510 4171 605 4247; x_wconf 87' lang='lat' dir='ltr'>nihil</span> <span class='ocrx_word' id='word_1_202' title='bbox 622 4197 704 4248; x_wconf 88' lang='lat' dir='ltr'>esse</span> <span class='ocrx_word' id='word_1_203' title='bbox 723 4177 869 4274; x_wconf 88' lang='lat' dir='ltr'>potest,</span> <span class='ocrx_word' id='word_1_204' title='bbox 889 4172 987 4273; x_wconf 92' lang='lat' dir='ltr'>quod</span> <span class='ocrx_word' id='word_1_205' title='bbox 1005 4171 1168 4248; x_wconf 90' lang='lat' dir='ltr'>alterum</span> <span class='ocrx_word' id='word_1_206' title='bbox 1196 4193 1270 4245; x_wconf 91' lang='lat' dir='ltr'>non</span> <span class='ocrx_word' id='word_1_207' title='bbox 1289 4168 1337 4245; x_wconf 87' lang='lat' dir='ltr'>sit</span> 
     </span>
     <span class='ocr_line' id='line_1_28' title="bbox 219 4293 1333 4396; baseline 0.005 -28"><span class='ocrx_word' id='word_1_208' title='bbox 219 4296 265 4370; x_wconf 91' lang='lat' dir='ltr'>ab</span> <span class='ocrx_word' id='word_1_209' title='bbox 297 4293 445 4396; x_wconf 91' lang='lat' dir='ltr'>aliquo,</span> <span class='ocrx_word' id='word_1_210' title='bbox 464 4294 544 4372; x_wconf 88' lang='lat' dir='ltr'>sive</span> <span class='ocrx_word' id='word_1_211' title='bbox 575 4294 614 4371; x_wconf 90' lang='lat' dir='ltr'>in</span> <span class='ocrx_word' id='word_1_212' title='bbox 646 4301 771 4391; x_wconf 91' lang='lat' dir='ltr'>motu,</span> <span class='ocrx_word' id='word_1_213' title='bbox 799 4297 880 4376; x_wconf 86' lang='lat' dir='ltr'>sive</span> <span class='ocrx_word' id='word_1_214' title='bbox 907 4305 1015 4376; x_wconf 83' lang='lat' dir='ltr'>extra</span> <span class='ocrx_word' id='word_1_215' title='bbox 1051 4301 1208 4376; x_wconf 92' lang='lat' dir='ltr'>motum.</span> <span class='ocrx_word' id='word_1_216' title='bbox 1238 4295 1333 4374; x_wconf 91' lang='lat' dir='ltr'>Cum</span> 
     </span>
    </p>
   </div>
   <div class='ocr_carea' id='block_1_7' title="bbox 0 0 1726 5108">
    <p class='ocr_par' dir='ltr' id='par_1_7' title="bbox 0 0 1726 5108">
     <span class='ocr_line' id='line_1_29' title="bbox 0 0 1726 5108; baseline 0 8"><span class='ocrx_word' id='word_1_217' title='bbox 0 0 1726 5108; x_wconf 95' lang='lat' dir='ltr'> </span> 
     </span>
    </p>
   </div>
  </div>
 </body>
</html>
