3442 5108
722 698 845 750 RATIO.

275 924 367 1008 Quis
387 921 701 999 considerationes
731 925 824 1018 illas,
846 928 979 1029 quibus
1000 932 1100 1005 totus
1129 933 1279 1032 quintus
1302 935 1344 1012 li·

218 1054 284 1129 ber
301 1053 446 1156 physici
464 1053 614 1129 auditus
643 1056 878 1156 expenditur,
907 1055 1046 1157 logicas
1080 1082 1161 1136 esse
1181 1061 1341 1164 ignorat,

218 1186 367 1281 practer
396 1205 482 1257 eum
510 1180 573 1281 qui
601 1182 698 1255 inter
726 1181 916 1258 naturales
944 1189 982 1258 ct
1009 1183 1209 1263 rationales
1225 1191 1341 1266 consi-

217 1305 427 1382 derationes
458 1306 688 1407 distinguere
716 1309 902 1409 nequeat?
932 1295 1198 1413 'lbliaqnoque
1217 1314 1340 1418 logica

216 1441 306 1511 sunt
337 1435 552 1522 ratiocinia,
581 1435 725 1536 qualia,
754 1435 842 1534 quid
872 1435 919 1510 ad
947 1436 1141 1538 physicam
1170 1443 1340 1520 conferre

215 1561 369 1662 possint,
389 1562 449 1638 vel
468 1561 555 1637 boni
573 1560 708 1637 addere
724 1561 1100 1662 comtemplationem,
1112 1628 1115 1633 .
1128 1567 1222 1643 nihil
1238 1573 1340 1645 certe

214 1691 332 1768 video:
357 1693 642 1794 judicaremque
670 1715 822 1791 prorsus
851 1689 942 1766 haec
971 1691 1123 1785 sutilia,
1153 1695 1335 1796 siquidem

213 1843 338 1895 meum
367 1821 437 1896 hoc
464 1819 656 1920 negotium
685 1820 761 1894 otio
789 1819 978 1920 indignius
1007 1806 1089 1897 esse
1112 1824 1337 1924 judicarem,

213 1945 331 2048 deque
359 1948 529 2050 ingeniis,
558 1947 691 2048 quibus
719 1945 810 2022 talia
838 1955 926 2023 sunt
954 1973 1088 2043 curae,
1125 1954 1332 2030 curandum

213 2102 285 2154 nou
315 2083 487 2159 censebo.

501 2351 630 2419 crach
656 2350 834 2416 SEXTUM
861 2352 1038 2418 LIBRUM.

651 2612 770 2665 uhrrl'.
802 2611 887 2662 xml.

263 2843 461 2945 Nunquam
488 2840 642 2943 physico
669 2841 870 2944 propositio
899 2865 989 2915 vera
1016 2844 1084 2933 est,
1115 2843 1332 2921 continuum

208 2968 470 3072 (quodcunqne
498 2968 548 3044 sit
575 2968 680 3072 illud)
709 2995 756 3046 cx
784 2969 1068 3046 indivisibilibus
1087 2997 1162 3048 non
1188 2999 1334 3076 compo

208 3096 266 3188 ni;
296 3097 391 3173 sicut
419 3102 457 3173 et
484 3096 581 3197 quod
623 3095 846 3172 indivisibile
883 3097 1025 3172 moveri
1063 3105 1236 3200 nequeat.
1265 3100 1335 3205 (cl-

207 3225 252 3298 de
281 3223 343 3318 32,
374 3223 456 3326 86.)

707 3375 828 3428 narro.

259 3603 486 3704 Priusquam
513 3597 737 3675 Aristoteles
768 3602 1015 3701 supponeret,
1045 3601 1264 3679 continuum
1293 3605 1331 3681 in

208 3733 395 3808 infinitum
424 3755 505 3806 osso
533 3729 729 3822 divisibile,
758 3731 946 3833 dividique
975 3731 1012 3806 in
1041 3756 1187 3834 semper
1205 3734 1332 3810 divisi-

204 3860 303 3951 bilia,
333 3857 496 3934 indicarc
524 3855 721 3948 debuisset,
750 3858 933 3958 quomodo
963 3860 1083 3932 tutum
1113 3859 1329 3935 universum

205 3989 412 4092 aequaliter
440 3989 488 4064 sit
515 3987 699 4063 divisibile
728 4012 812 4063 cum
842 3995 943 4063 terra
972 3987 1055 4075 ista,
1075 3993 1112 4061 ct
1139 3995 1240 4065 tolus
1260 3989 1330 4065 istu

204 4117 336 4216 globus
365 4141 450 4193 cum
480 4117 553 4192 hoc
582 4141 711 4216 paruo,
741 4116 924 4215 quomodo
963 4114 1081 4207 hacc,
1111 4115 1198 4191 licet
1226 4116 1328 4193 linita

204 4249 279 4324 sint
308 4248 529 4350 inaequalia,
549 4272 614 4349 per
642 4247 861 4323 divisionem
890 4247 928 4323 in
948 4245 1135 4322 infinitum
1164 4251 1330 4321 suntne

203 4379 338 4480 qualia.
367 4380 456 4458 Sive
485 4378 584 4456 enim
613 4378 797 4482 aequales,
827 4376 907 4454 sive
936 4374 1232 4479 proportionales
1247 4397 1329 4475 par·
