3442 5108
673 384 712 394 -<
733 351 786 408 231
811 384 850 397 -

237 536 274 592 llt
289 553 327 594 ex
345 533 544 612 Peripateticis
560 537 689 614 plurimi,
706 537 875 597 Aristotelis
886 540 1049 598 sententiae
1071 546 1172 601 contra
1189 562 1314 603 vacuum

195 657 379 731 acquiescere
395 676 449 714 uon
465 663 586 733 patuere
602 705 609 730 ‚
630 678 716 735 quam
732 663 939 738 praecaeteris
965 664 1119 722 auclaetius
1136 667 1315 743 Pliiloponus

195 781 239 831 est
254 776 421 846 insectatus,
436 777 519 852 cujus
532 777 628 835 omnia
643 783 816 853 argumenta
832 780 867 837 ad
883 798 947 838 eam
963 800 1037 855 quae
1054 784 1232 841 naturalium
1255 804 1316 844 eor·

195 915 298 972 porum
314 903 358 955 est
373 898 401 955 in
411 900 512 957 eodem
528 901 892 975 spatioquodabomnibus
903 902 1133 977 aliudquoddam
1146 904 1310 964 dimensum

194 1035 256 1074 esse
271 1021 405 1093 oporteat
419 1035 536 1076 eausam
551 1024 684 1093 spectant
694 1017 747 1096 (l):
758 1021 805 1077 abi
821 1021 927 1097 quippe
942 1023 1050 1081 nullius
1060 1026 1189 1101 corporis
1199 1027 1318 1084 suntdi·

194 1132 368 1202 mensiones,
377 1135 466 1208 spacii
483 1133 677 1193 dimensiones
692 1154 756 1194 esse
772 1138 929 1208 decebit‚in
946 1140 1049 1212 quilius
1065 1139 1131 1196 illac
1146 1140 1234 1216 recipi
1250 1161 1318 1219 pos·

193 1255 261 1313 sint.
277 1256 411 1318 Quinimb
427 1256 494 1315 illac
509 1256 703 1317 dimensiones
715 1278 856 1334 nusquam
879 1260 987 1333 absque
1003 1260 1231 1319 dimensionibus
1253 1263 1316 1322 istis

193 1389 256 1430 esse
270 1375 464 1449 pessunt.⁴Est
478 1392 548 1448 ergo
562 1375 702 1450 spacium,
717 1377 866 1450 quantitas
881 1378 1022 1452 quaedum
1039 1381 1176 1436 continua
1192 1381 1317 1456 physica

192 1495 297 1569 triplici
313 1495 491 1553 dimensione
507 1501 653 1568 constans,
662 1497 690 1554 in
703 1515 759 1572 qua
771 1516 925 1573 corporum
939 1499 1108 1574 magnitudo
1120 1499 1263 1576 capiatur,
1273 1500 1316 1578 (2)

191 1618 298 1670 natura
313 1621 381 1672 ante
396 1615 493 1673 omnia
506 1634 638 1692 corpora,
646 1621 676 1675 et
690 1618 869 1676 eitraomuia
880 1638 1001 1694 coepero
1016 1620 1185 1690 consistens,
1201 1621 1314 1680 indiffe-

191 1740 290 1793 renter
305 1738 401 1794 omnia
416 1738 568 1813 recipiens,
583 1741 658 1798 eitra
672 1741 793 1798 aetionis
810 1740 1009 1817 passionisque
1021 1742 1209 1813 conditiones,
1225 1742 1316 1799 immi-

191 1859 300 1931 scibile‚
316 1861 547 1936 impenetrabile,
563 1883 618 1920 non
634 1863 806 1935 formabile,
822 1864 981 1935 illocabilu‚
997 1864 1040 1940 (3)
1055 1870 1140 1923 extra
1169 1871 1199 1922 et
1219 1864 1315 1922 omnia

190 1997 314 2054 corpora
329 1983 585 2057 comprehendens,
600 1989 630 2042 et
644 1984 975 2059 incomprehensibiliter
999 1985 1077 2042 intus
1098 1985 1196 2042 emnia
1221 1983 1315 2042 eonti-

192 2119 273 2159 nens.
288 2100 351 2163 Quo
367 2103 421 2161 loei
439 2123 543 2162 munus
558 2106 674 2163 actuale
688 2105 833 2175 habente,
850 2106 942 2162 locato
959 2103 1029 2160 nibil
1053 2107 1150 2178 potest
1178 2120 1241 2159 esse
1267 2119 1314 2161 ac·

191 2225 315 2296 qualius.
333 2229 355 2282 n
372 2246 428 2300 quo
444 2246 479 2284 nc
494 2229 670 2304 cogitatione
687 2228 803 2303 quidem
818 2228 1011 2286 dimensiones
1027 2226 1189 2284 locatorum
1210 2243 1315 2300 eorpo-

190 2365 256 2404 rum
272 2357 354 2406 erunt
373 2351 562 2425 separabiles.
585 2351 665 2414 Quod
682 2352 775 2427 primo
790 2350 829 2408 sit
843 2350 992 2424 ‹pmutitas
1015 2353 1095 2424 patet
1116 2334 1315 2420 perditionem

190 2469 259 2526 tiam
275 2470 471 2544 aequalitatis,
489 2489 576 2545 quam
591 2490 655 2528 eum
671 2470 815 2531 contentis
840 2464 927 2543 atque
953 2466 1168 2544 comprehensis
1183 2465 1313 2541 eorpori-

189 2592 242 2648 bus
257 2589 354 2650 habet.
376 2591 508 2649 Secundo
530 2592 604 2666 quod
627 2592 764 2650 continua
787 2590 948 2665 quantitas,
969 2589 1005 2645 de
1019 2589 1069 2646 illo
1090 2607 1145 2646 non
1168 2592 1213 2645 est
1227 2585 1312 2643 dubi-

189 2712 321 2782 tandum,
336 2711 381 2770 eui
398 2711 479 2768 nulla
492 2710 681 2787 physicarum
695 2709 931 2784 maguitudiimm
948 2724 1039 2781 aeque
1055 2711 1150 2780 potest
1171 2721 1235 2762 esse
1249 2721 1313 2760 eon·

168 2825 291 2906 liuba,
321 2833 406 2908 cujus
436 2832 542 2911 quippe
566 2832 689 2891 actualis
710 2830 815 2890 divisio
838 2835 882 2888 cst
901 2827 1094 2904 impossibilis.
1120 2826 1202 2890 Quod
1225 2823 1312 2882 tertio

188 2957 264 3015 iuter
278 2957 401 3034 plqsiea
416 2957 513 3015 omnia
529 2962 635 3015 natura
650 2957 798 3033 primum,
813 2961 842 3013 ct
869 2955 961 3031 primo
984 2949 1199 3010 necessarium:
1216 2947 1312 3024 ipsum

187 3080 293 3135 etenim
312 3079 440 3138 locandis
455 3079 625 3155 corporibus
640 3097 773 3154 praeesse
794 3082 909 3153 oportet
925 3123 932 3148 ‚
946 3083 975 3134 ct
989 3095 1056 3135 cum
1071 3075 1174 3134 locatis
1188 3091 1262 3144 esse,
1282 3078 1313 3129 et

188 3203 290 3253 mutuo
305 3198 407 3256 iisdem
430 3199 652 3257 succedentibus
668 3197 843 3256 immobilem
858 3196 1028 3267 consistere,
1053 3202 1082 3253 et
1103 3196 1236 3254 omuibus
1258 3194 1310 3254 de-

187 3333 268 3372 mum
285 3317 487 3375 recedentibus
509 3336 669 3377 remanere.
684 3319 765 3383 (tried
791 3323 894 3391 quarto
917 3317 1079 3392 plq'sicum,
1102 3321 1181 3392 patet
1202 3317 1271 3391 quia
1291 3335 1309 3374 a

187 3440 366 3497 naturalium
382 3458 479 3497 rerum
495 3441 655 3502 existentia
670 3461 725 3500 nou
742 3441 921 3499 ullaabsolvi
936 3440 1047 3497 ratione
1059 3438 1309 3516 potest.Quiuimo

186 3581 285 3621 rerum
300 3565 525 3636 efficiendarum,
535 3585 584 3624 seu
598 3583 769 3640 quacunque
784 3570 864 3621 sorte
876 3563 1138 3640 producumlarum‚
1149 3563 1308 3639 potentiam

186 3693 249 3742 tum
266 3684 394 3745 activam
410 3687 621 3743 concomitatur
642 3683 777 3755 ommno,
801 3690 863 3742 tum
886 3686 1119 3761 inseparabiliter
1135 3687 1283 3763 passivam
1300 3731 1307 3755 ,

187 3808 241 3865 nisi
272 3803 318 3860 rel
334 3810 426 3863 totam
443 3805 645 3880 possibilitatis
661 3804 803 3861 rationem
827 3803 864 3860 ad
890 3805 984 3878 ipsum
1000 3804 1108 3862 referre
1134 3803 1305 3880 profundius

215 4029 243 4079 (tt
254 4032 336 4075 Quosio
346 4027 440 4082 periodo,
452 4039 518 4069 ,smiza
529 4027 701 4082 purnepgiamm
715 4025 749 4066 ml
761 4032 827 4076 testo,
845 4026 941 4081 eperciti
951 4039 979 4067 un
998 4025 1032 4079 po'
1043 4023 1135 4067 contuso
1147 4056 1152 4075 ,
1169 4036 1198 4066 ua
1212 4025 1313 4067 ordinato

186 4123 238 4160 coa:
253 4140 260 4153 ·
274 4121 348 4162 cuna
358 4122 437 4160 (Μανία
453 4127 593 4171 <opiparam
604 4125 707 4172 spect-int
716 4119 748 4156 ud
760 4132 810 4159 mun
822 4131 917 4159 anuum
930 4150 935 4167 ‚
951 4129 1011 4170 ‘ptrue
1021 4123 1054 4159 rat
1070 4126 1193 4169 corporari
1211 4121 1312 4158 viatura·

194 4215 250 4255 lium
262 4217 286 4254 in
296 4215 373 4253 autom
387 4217 468 4266 spino,
481 4216 543 4265 quid
554 4220 633 4267 oporte
643 4220 659 4254 d
669 4225 717 4254 esso·
726 4214 843 4266 quoddam
855 4214 993 4255 dimanant,
1005 4211 1071 4252 uliud
1083 4212 1112 4252 ob
1121 4211 1237 4252 olentibus,

213 4311 241 4358 (ὴ
254 4312 338 4355 Qiiosta
352 4308 439 4359 virgula
450 4322 529 4350 rminca
539 4311 573 4351 nel
584 4317 648 4351 testo.

210 4408 240 4457 (itt
252 4408 333 4453 (tiresia
343 4406 429 4456 vir-„rota
439 4420 519 4448 uranon
531 4420 585 4462 pun·
598 4406 633 4448 unt
643 4413 709 4448 auto.
