3442 5108
204 467 345 546 principio
360 471 390 528 ct
404 486 480 528 arno:
501 474 530 528 et
544 468 573 527 in
588 470 787 546 superioribus
808 470 992 530 ostendimus
1014 474 1048 531 ut
1067 469 1143 546 ignis
1163 471 1329 532 substantia

204 598 227 658 si
244 616 330 674 quam
345 600 445 668 habet,
459 603 575 676 praeter
590 599 686 659 lucem
702 603 731 658 et
751 597 986 676 caloram,(quae
1002 597 1098 675 potius
1114 597 1190 655 inter
1201 597 1331 656 acciden-

203 723 249 780 tia
264 740 282 779 a
296 721 502 799 Peripateticis
518 726 736 793 enumerantur,
752 721 800 780 vel
816 721 894 780 inter
907 720 1017 780 formas
1038 720 1149 779 medias
1163 721 1240 779 inter
1259 718 1330 777 sub·

204 841 345 899 stantiam
360 847 391 902 at
408 841 567 917 accidens),
589 845 797 917 naturamque
815 840 964 917 persistat,
979 839 1042 915 ipsa
1063 844 1107 895 est
1128 855 1205 913 aqua
1225 854 1330 895 sccun-

205 960 274 1018 dum
289 959 414 1019 formam
429 978 487 1035 qua
504 979 611 1035 aquam
622 961 713 1035 vulgo
728 961 922 1032 nominamus,
934 963 964 1017 ct
975 978 1031 1019 non
1047 956 1210 1016 absolvitur
1225 957 1331 1015 abele

204 1086 301 1139 mento
315 1085 423 1140 terrae.
443 1082 506 1140 lloe
526 1099 565 1139 ex
578 1082 664 1139 dictis
679 1086 726 1139 cst
740 1080 907 1158 petendum,
922 1096 1065 1154 nusquam
1079 1075 1156 1135 cuim
1171 1080 1258 1135 extra
1271 1077 1329 1134 hu·

204 1203 315 1260 mirlum
330 1206 427 1278 potest
445 1200 604 1262 consistere
619 1201 704 1278 ignis.

246 1322 299 1381 vl.
318 1322 445 1381 Proinde
461 1341 512 1383 eur
526 1323 666 1398 frigidum
680 1323 809 1382 maxime
824 1323 934 1383 distare
949 1323 1049 1382 dicunt
1069 1322 1107 1380 ab
1128 1324 1263 1382 extreme
1276 1334 1328 1378 ca·

206 1445 277 1519 lide,
294 1464 397 1524 nempe
412 1446 489 1521 igne,
505 1449 580 1522 quod
597 1451 641 1506 cst
656 1446 714 1506 illis
735 1446 763 1505 in
780 1447 859 1505 orbis
879 1446 966 1505 lunae
988 1463 1126 1517 concavo,
1138 1442 1257 1520 quando
1277 1441 1332 1502 alti

204 1572 317 1627 montes
332 1573 401 1628 sunt
415 1569 582 1645 frigidiores
607 1587 694 1644 quam
710 1569 856 1647 planities,
871 1574 902 1629 et
915 1569 1051 1647 planities
1065 1568 1201 1644 frigidior
1215 1565 1332 1626 interio-

203 1688 286 1747 ribus
300 1693 398 1748 terrae
412 1688 558 1766 partibus?
568 1687 613 1768 (l)
623 1687 669 1767 (ln
684 1690 822 1749 membris
831 1689 938 1767 quippe
950 1690 1157 1748 subterraneis
1168 1705 1262 1764 aquae
1274 1706 1331 1747 non

203 1809 382 1887 glacientur,
402 1830 460 1871 non
474 1811 639 1883 niveseunt,
653 1832 708 1873 non
724 1814 929 1891 inspissantur,
944 1816 994 1874 sed
1011 1814 1107 1891 potius
1121 1813 1331 1885 accenduntur,

204 1930 255 1988 sed
272 1929 370 2004 potius
391 1931 498 1990 medios
514 1932 640 2007 undique
654 1933 690 1990 dc
702 1933 900 1992 subterraneis
915 1932 986 1994 locis
998 1934 1081 2010 ignes
1095 1951 1161 1993 cum
1178 1931 1333 2008 liquidissi-

204 2049 259 2107 mis
274 2049 441 2107 ssumiuibus
463 2054 493 2109 at
513 2050 700 2110 calidissimis
727 2050 773 2129 (2)
796 2052 941 2110 interdum
965 2069 1116 2127 erumpere
1138 2051 1187 2128 qui
1209 2068 1330 2110 concrc-

203 2166 336 2225 scantin
356 2167 509 2243 superlicio
525 2167 718 2246 telluris(3):)
729 2169 910 2228 constantius
921 2171 947 2228 in
964 2170 1119 2228 altioribus
1132 2169 1197 2246 ejus
1208 2166 1333 2244 regioni-

207 2288 272 2358 bus
288 2288 526 2347 constantissime
540 2307 620 2362 rere,
632 2296 684 2349 aut.
698 2291 801 2349 saltem
814 2291 907 2367 prime
922 2291 951 2350 in
963 2291 1060 2351 medin
1074 2291 1138 2368 ipsa
1150 2290 1269 2367 regione
1283 2309 1331 2351 ae-

205 2402 257 2473 ris,
274 2421 349 2478 quae
365 2403 538 2480 frigidarum
555 2405 781 2485 impressionum
796 2415 891 2469 nrater
902 2416 956 2470 est.
971 2410 1075 2487 Neque
1086 2429 1134 2469 me
1148 2411 1270 2487 effugies
1280 2428 1331 2470 ar·

205 2534 402 2605 gumentaude
422 2534 612 2612 respondens,
622 2535 693 2593 illud
707 2536 736 2595 in
751 2536 906 2613 superficie
920 2554 984 2595 esse
998 2553 1051 2614 per
1066 2537 1211 2610 accidens,
1226 2554 1330 2613 nempe

205 2666 257 2726 per
271 2651 501 2726 antiperistasim
517 2673 523 2709 :
538 2652 680 2728 siquidem
695 2658 725 2712 ct
739 2656 886 2732 oportebit
900 2660 929 2716 te
944 2659 1096 2716 ostendere
1107 2656 1203 2716 locum
1216 2656 1264 2714 ubi
1277 2674 1329 2732 per

204 2788 235 2827 se
249 2770 304 2827 ista
325 2770 407 2828 liant:
422 2774 451 2828 ct
467 2772 587 2831 reddero
603 2791 730 2842 eausam,
751 2792 808 2849 qua
823 2774 894 2833 illud
909 2776 984 2851 quod
1001 2779 1141 2852 perpetuo
1154 2780 1199 2834 est
1213 2776 1266 2847 ita,
1281 2794 1330 2836 ex·

205 2908 260 2965 que
274 2891 437 2950 necessario
449 2910 545 2950 rerum
558 2894 827 2970 ordine,nunquam
842 2895 929 2954 aliter
941 2913 971 2954 se
983 2896 1140 2967 habens,ad
1154 2897 1328 2975 principium

205 3028 257 3087 por
271 3013 404 3070 accidens
416 3014 563 3072 reseratur
576 3013 674 3088 potius
689 3031 776 3090 quam
789 3033 841 3090 per
852 3020 926 3086 se,et
937 3015 974 3073 ad
987 3020 1122 3076 naturam
1138 3017 1329 3093 ipsissimaml

204 3129 313 3188 Mirum
335 3131 443 3208 quippe
456 3138 486 3190 et
500 3131 571 3190 illud
586 3139 631 3191 est.
646 3134 722 3208 quod
739 3138 769 3192 et
784 3134 962 3193 untrrraliter
980 3136 1111 3195 calidum
1126 3156 1225 3198 aerem
1244 3139 1326 3199 illum

204 3254 286 3323 dicis,
298 3274 350 3331 per
364 3257 497 3315 accidens
512 3273 583 3315 vero
595 3255 823 3332 frigidum,quod
837 3257 917 3316 nullo
929 3256 985 3317 suit
999 3259 1095 3318 seculo
1108 3259 1160 3318 uisi
1174 3258 1325 3336 frigidum.

204 3372 242 3430 lit
259 3382 359 3447 postea
375 3373 488 3444 millies,
504 3374 575 3433 illud
592 3376 667 3450 qarod
683 3381 728 3434 est
742 3394 795 3453 per
810 3377 945 3436 accidens
965 3379 1002 3436 ab
1017 3396 1052 3436 eo
1067 3379 1143 3455 quod
1159 3385 1204 3438 est
1218 3397 1325 3441 secun-

203 3500 272 3558 dum
287 3506 424 3561 naturam
440 3499 614 3576 distinguis,
629 3501 698 3576 quia
718 3503 774 3560 hoe
794 3506 839 3561 est
866 3501 894 3560 in
915 3502 1049 3561 omnibus
1063 3502 1111 3561 rel
1125 3501 1155 3559 in
1170 3503 1325 3579 plurimis,

203 3638 317 3699 semper
331 3621 378 3681 rel
393 3627 424 3682 ut
439 3622 607 3700 plurimum,
628 3625 701 3683 illud
716 3642 785 3684 vero
800 3626 828 3684 in
844 3625 1028 3703 paucioribus
1043 3631 1130 3702 atqua
1146 3644 1223 3687 raro.
1238 3627 1323 3689 Adde

203 3741 279 3818 quod
295 3743 536 3819 congregationes
551 3762 705 3821 aquarum,
719 3747 936 3825 uastissimiqua
950 3748 995 3828 (4)
1011 3750 1128 3810 vulcani
1146 3751 1196 3829 qui
1211 3752 1325 3812 suntin

228 3966 259 4017 (1)
273 3964 299 4006 1,·
309 3965 471 4019 interrogativo
480 3979 566 4012 manea.

230 4056 262 4109 (t)
274 4057 290 4097 ll
299 4062 358 4098 testo
369 4056 408 4098 lia:
420 4059 584 4102 calidissimus.

229 4151 260 4205 (3)
275 4151 315 4194 Nol
325 4158 383 4195 testo
393 4151 407 4193 il
416 4152 506 4208 periodo
515 4153 544 4198 da
554 4156 580 4198 to
589 4157 699 4201 maneus
707 4155 775 4202 duca
785 4158 877 4204 telluris
890 4170 934 4203 non
947 4158 960 4203 b
974 4160 1051 4206 chiese
1061 4166 1097 4205 tra
1106 4160 1227 4218 parentent,
1239 4172 1253 4204 e
1266 4159 1325 4218 depo

205 4248 298 4291 telluris
307 4248 329 4290 ν’
338 4249 350 4289 d
360 4261 390 4291 un
401 4258 476 4305 puato.

231 4340 261 4394 (t)
272 4341 288 4383 ll
298 4347 355 4385 teste
365 4342 408 4385 ha:
421 4345 588 4400 restitansque.
