3442 5108
775 326 894 388 -283
917 362 952 377 -

303 514 382 584 dum,
398 517 430 572 nt
444 513 468 571 si
483 512 551 587 quid
567 512 662 571 minus
677 513 805 585 definite,
818 515 864 573 vel
880 532 958 587 vere,
972 531 1022 573 eos
1037 513 1148 574 dixisse
1169 514 1355 591 accipiamus,
1367 516 1423 576 sal·

300 638 361 691 tem
381 632 479 709 aliquo
502 637 588 695 modo
608 632 801 713 probabiliter
822 632 867 714 (l)
889 632 1078 695 intellexisse.
1100 635 1157 695 Sed
1179 635 1214 693 de
1238 632 1423 710 opinionibus

297 752 377 812 bisce
392 752 479 815 alias.

728 923 871 990 CAPUT
896 923 985 988 VIII.

508 1171 661 1226 QUINTUM
684 1168 930 1226 ARGUMENTUM‚
956 1167 997 1214 ΒΤ
1021 1166 1209 1213 RESPONSIO.

321 1390 354 1432 ad
364 1391 464 1445 quintum
477 1389 544 1444 (quod
556 1389 575 1432 iu
585 1387 660 1430 vorbIs
670 1387 804 1443 implicatur)
815 1390 969 1439 argumentum
978 1381 1107 1427 ostenditur.
1123 1379 1207 1423 infinita
1217 1377 1282 1434 plura
1291 1378 1391 1421 diversa·

345 1498 392 1528 rum
406 1483 531 1539 specierum
542 1495 584 1524 non
595 1479 746 1528 incessentia,
755 1485 779 1521 ut
789 1477 915 1520 uuiversum
925 1486 1037 1530 uirumque
1046 1472 1155 1515 iuiiuitnm
1163 1470 1311 1514 constituant:
1324 1477 1392 1514 mato·

344 1577 400 1619 riam
411 1588 489 1631 nempe
499 1575 540 1618 sub
549 1574 658 1627 omnibus,
667 1582 689 1616 ct
698 1572 739 1616 sub
749 1572 842 1627 siumeIs
851 1570 968 1627 speciebus
982 1569 1088 1612 lniiuitam
1097 1580 1156 1622 ease,
1165 1578 1282 1610 necessum
1296 1571 1337 1609 eat.

380 1781 485 1845 Unum
509 1798 586 1866 ergo
611 1778 714 1844 dicam
740 1776 899 1842 infinitum
923 1776 1192 1857 continuumque,

334 1909 506 1993 Principiis
530 1908 631 1973 variis
656 1905 739 1990 quod
764 1907 983 1988 componatur,
1010 1901 1163 1984 Idemque:
1188 1898 1237 1986 (2)

332 2041 474 2107 Materia
499 2046 534 2106 ut
557 2039 634 2105 solis
658 2041 725 2104 sine
750 2037 812 2102 fine
834 2042 892 2111 est,
917 2035 1129 2117 materiesque

332 2170 478 2252 Telluris,
504 2169 654 2254 quidnam
680 2170 794 2232 mirum
817 2165 1053 2247 absurdumque
1077 2162 1253 2248 sequetur?

331 2301 487 2367 Attonitis
512 2300 622 2373 oculis
647 2299 769 2363 tumido
792 2296 974 2382 spectabilis
998 2315 1064 2370 ore,

330 2431 467 2496 Inducas
491 2433 557 2497 sine
581 2431 644 2496 fine
668 2430 736 2495 dari
761 2449 824 2492 uno
849 2431 881 2493 in
905 2446 1038 2512 corpore
1063 2445 1153 2511 posse

328 2565 449 2648 Nempe
474 2566 619 2642 inlinito;
645 2584 701 2649 per
724 2564 861 2649 plurima
885 2582 997 2627 rursus
1020 2563 1052 2625 in
1078 2579 1141 2624 uiro

328 2693 480 2757 Dissimili
503 2695 616 2778 specie,
640 2714 774 2777 qnorum
800 2693 1045 2775 utrumquodque
1068 2691 1193 2756 decebit

326 2820 464 2885 Materia
488 2822 641 2885 immensa
666 2822 789 2904 pariter
812 2825 969 2884 constare.
995 2818 1077 2892 Quid
1101 2817 1217 2897 obstat,

325 2952 352 3015 t)
377 2950 469 3026 bone,
494 2972 565 3016 cum
591 2952 697 3017 multis
720 2973 775 3016 ens
800 2958 950 3018 constans
973 2953 1016 3018 sit
1037 2952 1212 3036 speciebus,

324 3073 461 3141 Cuilibet
485 3078 669 3142 immensam
693 3078 808 3142 molem
832 3078 1051 3144 substernieri
1074 3079 1174 3142 Immo

323 3202 403 3267 Esse
427 3223 541 3289 operae
567 3207 708 3289 precium
733 3207 870 3289 sapienti
895 3206 975 3271 baec
991 3208 1060 3291 ipsa
1083 3205 1178 3272 lateri

321 3336 506 3419 Ostendam,
533 3338 703 3406 manifesta
726 3343 805 3406 satis
829 3339 1056 3407 meditantibus
1080 3346 1163 3425 apte,

320 3469 467 3553 Namque
491 3472 649 3540 infinitum
674 3474 822 3560 quidquid
848 3478 1008 3560 componit
1032 3482 1064 3542 et
1087 3479 1195 3557 ornat,

319 3598 453 3664 Finibus
477 3601 637 3688 adstringi
662 3605 780 3687 nequit,
804 3610 840 3672 ut
863 3624 988 3689 quoque
1012 3603 1265 3688 nmltipIIcantur

317 3728 382 3793 I'er
406 3750 571 3796 nanterum
595 3736 715 3821 species
739 3756 818 3818 quas
842 3736 992 3819 coricupit
1014 3732 1197 3798 adsimilare

317 3853 505 3922 Consimiles
530 3861 687 3944 spaciun1;
712 3861 851 3928 definitis
873 3862 1036 3927 elementis

315 3984 505 4052 Innumeras
529 4010 626 4055 cerno
649 3993 791 4070 tellures,
816 3994 891 4059 solis
915 4000 948 4060 et
971 3995 1074 4060 orbes.

315 4109 485 4179 Materiam
510 4117 695 4183 innuensam
721 4120 844 4205 lapidis,
868 4122 944 4207 ligni
969 4130 1064 4208 atque
1087 4124 1205 4191 metalli

295 4334 324 4385 (i)
338 4334 355 4375 ll
365 4341 423 4376 testo
432 4335 461 4377 lia
471 4349 475 4377 :
488 4338 623 4390 prandiam.

295 4426 326 4479 (2)
338 4426 413 4476 Quieti
422 4426 465 4470 dua
475 4427 539 4482 puuti
549 4442 659 4475 iuauoauo
668 4432 704 4476 nel
714 4440 778 4478 testo.
