3442 5108
822 306 1000 365 -178-

365 521 486 599 neque
504 497 577 572 alia
596 495 751 584 ratione,
771 497 919 569 caetera
937 496 1040 568 astra
1058 515 1132 567 non
1151 490 1291 565 habent
1320 511 1393 590 quo
1422 511 1486 564 ca-

365 618 466 710 dant,
488 640 599 718 quam
618 617 691 692 ista
711 615 821 692 tellus
841 615 1004 715 undique
1023 614 1069 689 ad
1098 620 1224 688 aerem
1254 609 1491 688 indifferens:

364 741 605 842 quamobrem
636 762 710 814 non
730 736 878 813 aliunde
897 740 1040 811 motum
1059 734 1127 811 sibi
1143 735 1358 826 decernunt,
1378 758 1492 836 quam

364 867 410 941 ab
439 862 715 965 opportunitate
743 861 854 952 vitae,
891 860 1087 961 igneorum
1117 860 1264 962 quidem
1293 883 1491 961 corporum

365 991 411 1067 ab
431 989 548 1091 aquis,
568 1011 772 1090 aqueorum
802 1011 891 1062 vero
910 987 955 1060 ab
973 986 1132 1087 ignibus,
1153 984 1372 1086 frigidorum
1393 1010 1416 1060 a
1434 1009 1492 1059 ca-

364 1113 459 1206 lidis,
479 1112 683 1190 calidorum
699 1111 888 1211 asrigidis,
909 1135 980 1212 quo
997 1136 1037 1186 se
1051 1115 1182 1187 mutuo
1197 1111 1359 1186 foveant.
1380 1108 1491 1185 Haud

364 1240 479 1340 igitur
498 1238 681 1315 revolutio
709 1236 866 1313 celerior
884 1240 987 1311 astra
1006 1237 1178 1330 sustinet,
1191 1239 1233 1311 ut
1252 1235 1341 1311 dicit
1360 1236 1492 1336 Empe·

364 1363 498 1456 duoles,
518 1388 638 1465 neque
668 1363 819 1465 quintae
839 1359 936 1435 illius
965 1361 1147 1436 essentiae
1167 1361 1349 1452 conditio,
1380 1383 1490 1461 quam

365 1488 527 1566 somniat
552 1486 784 1565 Aristoteles.
805 1489 1005 1563 Astrorum
1023 1512 1113 1563 vero
1133 1487 1327 1589 quaedam,
1348 1487 1435 1589 quia
1453 1486 1490 1561 in

365 1613 411 1691 iis
431 1615 581 1714 igneum
605 1614 784 1691 excedere
805 1613 995 1690 Oceanum
1015 1619 1186 1708 constat,
1214 1615 1323 1717 ignea
1349 1613 1490 1690 intelli-

365 1743 518 1840 guntur,
554 1738 614 1816 vel
641 1740 746 1840 ignes
775 1742 875 1829 sunt,
904 1745 993 1838 puta
1021 1738 1117 1816 soles
1146 1739 1208 1841 qui
1236 1766 1302 1842 per
1320 1765 1402 1817 sese
1429 1739 1491 1815 lu-

365 1869 471 1941 cent:
499 1865 574 1941 alia
604 1890 718 1958 vero,
747 1889 833 1940 cum
865 1865 903 1939 in
931 1864 975 1939 iis
995 1853 1095 1965 aqua
1120 1871 1329 1968 exsuperet,
1362 1866 1492 1943 etcir·

365 1995 538 2067 cumeant
555 1991 738 2094 proprios,
768 2016 790 2065 a
819 1989 951 2090 quibus
979 1992 1231 2086 refoveantur,
1261 1994 1378 2092 ignes
1406 1995 1493 2068 sunt

363 2115 514 2193 tellures
534 2116 641 2207 aliae,
662 2143 757 2220 quae
776 2141 824 2191 ex
850 2115 1035 2216 diaplrana
1055 2119 1265 2221 superficie,
1283 2118 1492 2196 lucentibus

365 2240 544 2341 expositae
564 2241 692 2333 radiis,
710 2241 836 2317 lumen
857 2238 1032 2317 emittunt
1048 2241 1243 2319 infirmius.

809 2589 928 2640 .-lR'1¹ru.
949 2590 1047 2641 LXl'l.

417 2868 487 2944 Hic
506 2866 659 2944 minimo
678 2869 798 2963 nobis
824 2872 978 2975 aliisque
998 2875 1135 2950 rectius
1150 2874 1401 2977 judicantibus
1417 2904 1494 2955 cre-

364 2993 474 3070 dibile
492 2997 550 3069 est
565 3018 711 3094 purum,
732 2994 949 3100 simplicem,
978 3000 1264 3104 immixtumque
1284 3002 1409 3103 ignem
1429 3002 1493 3080 ali-

363 3121 448 3197 cubi
467 3121 669 3197 subsistere
688 3146 757 3198 nec
785 3130 957 3202 constare
976 3151 1096 3228 posse,
1118 3128 1179 3203 ubi
1198 3128 1359 3204 mundus
1379 3129 1487 3206 inco-

363 3244 409 3320 lis
429 3271 570 3321 vacuus
586 3251 623 3321 et
642 3246 775 3339 inanis,
804 3250 961 3326 bonitati
976 3251 1224 3354 dignitatique
1238 3258 1395 3331 naturae
1409 3281 1485 3332 non

363 3372 555 3470 congruit3
586 3373 681 3448 sicut
700 3397 819 3477 neque
845 3401 981 3476 aquam
1008 3403 1175 3456 seorsum
1205 3380 1339 3457 alicubi
1367 3383 1491 3457 subsi-

363 3499 462 3572 stere
490 3496 664 3597 possibile
684 3505 766 3591 est,
798 3501 893 3576 unde
920 3527 966 3578 ue
995 3529 1114 3604 aquea
1142 3505 1289 3605 quidem
1318 3507 1493 3583 animalia

361 3622 597 3699 nutrirentur
625 3629 736 3724 atque
765 3633 1016 3727 vegetarent,
1048 3631 1181 3731 quibus
1210 3632 1323 3708 etiam
1352 3631 1491 3735 aliquid

363 3751 515 3823 mutuae
544 3750 745 3826 voracitati
778 3778 950 3853 praeesse
979 3761 1140 3856 oportet,
1169 3783 1217 3832 ex
1245 3757 1377 3858 quibus
1398 3785 1491 3835 con-

362 3876 462 3950 stent
482 3879 518 3949 et
539 3875 600 3949 uhi
619 3875 765 3952 sistant.
796 3879 1015 3956 Necessario
1026 3880 1141 3981 igitur
1155 3906 1202 3956 ex
1216 3882 1327 3957 astris
1338 3883 1390 3958 ita
1406 3910 1491 3961 con·

362 3999 503 4075 stitutis
526 4001 707 4102 quaedam
727 4004 829 4079 circa
849 4006 922 4082 alia
940 4011 1150 4101 moventur,
1179 4009 1490 4109 quemadmodum

360 4124 513 4201 tellures
542 4128 641 4203 circa
659 4128 772 4205 istum
792 4131 926 4225 solem;
965 4133 1146 4233 quaedam
1168 4160 1256 4212 vero
1285 4136 1384 4213 intra
1412 4138 1486 4215 alia
