3442 5108
773 316 949 375 -230-

293 501 389 574 redeo,
400 501 446 561 eui
455 503 518 579 jam
534 503 668 578 proprius
679 501 759 557 loeus
772 521 826 559 non
842 503 899 562 erit
912 503 1080 580 superficies
1094 504 1223 581 eorporis
1237 505 1418 567 ceuliuentis

294 639 387 696 neque
415 623 552 692 contenti,
567 624 617 680 sed
643 624 719 698 quod
744 630 821 685 circa
846 630 1008 698 utramque,
1030 624 1077 704 (l)
1097 627 1145 685 rel
1166 627 1244 685 eirea
1265 628 1344 702 equod
1368 627 1422 684 illa

293 745 416 817 utraque
430 747 484 800 est:
500 743 575 800 uude
597 743 685 801 etiam
711 744 819 820 proprii
835 744 890 804 leci
907 746 981 804 ratio
1005 765 1124 822 prorsus
1144 752 1231 807 extra
1251 747 1331 806 illam
1348 746 1419 805 defi·

294 866 431 926 ultionem
447 872 490 925 est
505 867 639 943 pelenda.

727 1013 869 1077 CAPUT
898 1015 982 1077 VIII.

321 1222 465 1265 l‘lrantasiam
475 1229 546 1264 metus
556 1222 629 1264 dlurni
639 1222 668 1263 ab
679 1226 771 1263 externo
786 1221 820 1263 ulo
830 1221 935 1275 principio
950 1232 1027 1261 verena
1041 1220 1084 1262 boc
1094 1218 1166 1263 rnundi
1182 1219 1276 1261 medium
1286 1221 1391 1272 incurro,

373 1323 547 1377 impedimentum
558 1334 614 1373 osse,
623 1322 737 1376 quominus
748 1320 844 1362 universi
860 1320 955 1360 conditio
965 1317 1153 1374 apprehendatur,
1164 1316 1202 1359 sed
1213 1329 1262 1358 earn
1273 1321 1390 1371 purgant:

372 1429 392 1470 pr
399 1415 448 1465 imo,
459 1414 590 1455 IudIstinrtio
600 1414 668 1468 spacii
679 1425 693 1454 a
703 1412 785 1466 spurio:
797 1410 902 1457 secundo,
917 1408 1092 1451 inconvenientia
1099 1406 1210 1462 penuriae
1220 1414 1327 1448 aeternae
1337 1404 1387 1447 siue

371 1515 431 1556 aetra
443 1518 493 1547 rum
503 1513 567 1548 actus
578 1504 700 1559 lrujunuodi
710 1512 732 1546 et
740 1505 838 1559 potentia
848 1517 889 1545 nou
900 1502 1003 1544 dilleraut:
1016 1503 1088 1555 tertie,
1101 1503 1157 1545 lleus
1167 1514 1210 1543 non
1220 1506 1305 1543 tanturn
1316 1511 1392 1553 agea·

371 1600 399 1641 tis
411 1600 473 1652 liniti
483 1607 590 1655 quantum
605 1600 688 1642 induite
698 1600 799 1653 oeiautis,
812 1608 835 1642 et
847 1600 965 1654 potentiam
975 1601 1101 1643 naturalem
1110 1599 1247 1655 Impedienda
1254 1597 1343 1640 titulum
1353 1610 1393 1639 su·

371 1699 472 1754 aelpcret.

385 1859 473 1923 Adde
497 1866 533 1924 ut
557 1861 664 1941 inepta
688 1857 750 1921 Ioci
773 1861 822 1920 est
847 1856 957 1930 finilia,
982 1875 1045 1937 qua
1069 1854 1144 1917 mihi
1171 1858 1274 1919 tolum

337 1991 530 2057 Concludam
555 2011 719 2074 nusquam,
746 2010 845 2072 neque
869 1989 927 2051 diei
954 2008 1043 2071 posse
1068 1989 1207 2053 locatum

337 2121 371 2186 Id
397 2125 445 2185 cui
474 2124 641 2207 praecipue
665 2122 726 2185 boc
750 2141 863 2184 nomen
889 2119 1047 2202 quadrare
1072 2120 1257 2202 putandum,

339 2253 380 2318 Et
403 2253 450 2336 (2)
476 2255 568 2330 ratio,
594 2260 628 2318 ut
653 2255 781 2338 reliquis
805 2254 874 2318 ideo
898 2257 957 2319 siet
981 2274 1047 2344 esse
1071 2255 1221 2331 locatum,
1247 2256 1296 2341 (3)

341 2379 424 2444 Nam
446 2387 522 2445 snut
546 2403 620 2465 pars
643 2383 711 2468 ejus
737 2384 876 2466 spacium
901 2381 983 2466 qnod
1007 2382 1106 2465 replet
1132 2384 1234 2447 iuane.

339 2510 412 2575 Neu
437 2511 525 2574 loeus
548 2516 597 2575 est
622 2511 719 2576 iacies
742 2512 811 2596 ejus
836 2512 919 2594 qued
943 2514 1086 2578 continet
1113 2533 1191 2597 ergo

339 2638 498 2722 Corpora,
524 2649 582 2706 aut
605 2642 683 2705 clusi
707 2642 790 2724 quod
814 2645 1018 2709 contineatur
1041 2643 1080 2706 ab
1104 2642 1168 2717 illo;

339 2773 421 2837 Nam
446 2795 517 2837 cunr
541 2781 692 2840 contente
715 2783 773 2842 aut
795 2777 856 2840 boc
881 2778 963 2860 qued
988 2779 1130 2842 continet
1153 2778 1223 2843 iret.

337 2904 390 2967 Sic
414 2905 510 2969 veluti
537 2905 625 2969 lorus
649 2912 698 2971 est
721 2910 836 2978 melus,
864 2904 944 2969 ieret
968 2912 1062 2988 alque
1086 2905 1234 2984 locatum,

339 3037 392 3102 Sic
415 3037 497 3103 sorel
525 3046 621 3123 alque
644 3041 731 3106 locus
756 3047 869 3115 metue,
895 3042 985 3106 velut
1008 3047 1119 3123 estque
1142 3041 1293 3106 locatum.

337 3171 424 3257 Ergo
448 3176 472 3236 si
500 3180 679 3240 extrenum]
704 3178 791 3242 locus
815 3184 864 3242 est
887 3175 1044 3240 immobile
1069 3174 1229 3257 quiddam,

339 3299 397 3363 Est
421 3302 620 3387 interjectum
644 3305 797 3368 urrrbabus
822 3306 962 3389 spacium
992 3304 1142 3378 iaciebuS,

337 3428 435 3514 Cujus
459 3430 563 3495 adbuc
587 3433 679 3495 finem
705 3435 732 3496 si
756 3434 826 3516 quis
850 3433 1044 3516 perquireret
1067 3434 1164 3509 ultra,

337 3558 434 3639 (Nam
460 3560 556 3641 spacii
581 3561 729 3643 proprius
753 3560 845 3623 debet
867 3578 991 3641 queque
1015 3564 1172 3626 bertuinus
1197 3566 1280 3649 esse)

337 3692 491 3754 Extrema
515 3711 675 3773 nunquam
702 3693 783 3774 protis
805 3694 853 3755 est
878 3689 1051 3760 consistere
1076 3690 1147 3763 line,

338 3827 371 3889 Si
396 3824 539 3906 gennuae
565 3824 648 3886 inler
672 3820 770 3885 iacies
794 3821 933 3903 sparuna
957 3838 1027 3881 esse
1052 3839 1177 3884 neeesse
1203 3829 1261 3886 esi.

319 4013 350 4064 (l)
363 4013 378 4054 ll
389 4019 444 4054 nesto
455 4013 495 4054 ba:
509 4020 617 4065 utroque,
628 4027 639 4053 e
650 4010 755 4066 potrebbe
765 4015 831 4058 stare,
842 4006 926 4049 riterite
934 4018 949 4048 a
959 4009 1062 4060 corporis
1072 4009 1211 4051 continentis
1223 4024 1235 4052 e
1245 4022 1356 4059 conteuti:
1368 4032 1406 4072 per

291 4127 353 4155 eaeor
362 4114 398 4168 pul
408 4114 485 4155 elriaro
493 4113 506 4154 il
517 4125 582 4154 senso
593 4113 620 4154 bo
629 4118 724 4153 eorretto
734 4114 866 4160 terroreque,
875 4103 1005 4147 riieremlolo
1015 4104 1085 4146 anche
1094 4111 1173 4158 qut-na
1180 4106 1240 4148 volta
1248 4120 1261 4148 a
1270 4117 1412 4164 strpern'citn.

318 4208 349 4260 (ι’)
360 4206 444 4262 Ilipeti:
455 4213 476 4247 et
487 4212 513 4248 ut
523 4213 557 4248 cxl
568 4207 645 4260 inrptu
656 4205 724 4245 retr'o.

320 4300 350 4351 (u)
365 4299 379 4339 ll
391 4307 447 4340 testu
457 4299 485 4339 ba
496 4310 524 4339 un
536 4305 609 4352 punto.
622 4296 663 4337 che
673 4306 715 4336 non
725 4294 744 4334 ei
755 4304 797 4343 va,
808 4290 887 4346 percld·
898 4290 912 4330 il
921 4301 978 4331 etum
988 4289 1114 4332 sitanueda
1123 4289 1220 4332 all'r'deo
1235 4294 1269 4334 del
1282 4308 1347 4339 verso
1362 4314 1410 4354 pru.

293 4391 393 4433 cedente.
