3442 5108
689 379 848 443 -63-

260 571 396 649 Dicant
414 570 536 672 igitur
555 570 778 675 quicumque
800 572 914 649 velint
942 572 1167 650 assertiones
1186 579 1335 653 nostras

208 696 348 774 similes
369 695 441 773 illis
460 721 541 774 esse
561 697 689 800 quales
708 697 805 800 apud
826 696 1034 776 Lucienum
1053 698 1092 775 in
1105 698 1200 776 libro
1215 701 1260 777 de
1275 727 1337 779 ve

207 823 258 901 ris
276 823 554 902 narrationibus
573 825 779 916 habentur;
800 823 926 900 dicant
945 824 1064 926 ipsam
1084 829 1216 902 contra
1235 851 1337 904 sum-

207 975 355 1029 morum
385 949 807 1052 probatissimorumque
828 949 1134 1053 pbilosophorum
1157 953 1335 1031 authori·

206 1075 295 1152 tatis
324 1076 599 1179 rapidissimum
627 1079 833 1153 torrentem
851 1076 1051 1171 adnatare,
1080 1078 1336 1181 improperent

207 1203 402 1280 nobiscum
436 1202 749 1280 consentientium
786 1228 986 1280 numerum
1015 1205 1216 1308 exiguum,
1247 1206 1335 1284 hinc

208 1328 308 1404 enim
335 1327 428 1403 nihil
456 1353 495 1404 se
523 1353 591 1405 suo
620 1327 800 1405 videbunt
827 1334 1051 1429 argumento
1083 1333 1336 1431 consequutus

208 1478 301 1546 esse,
320 1479 393 1555 quo
423 1453 572 1531 veluus
600 1478 686 1531 cum
714 1453 853 1530 nostris
881 1454 1058 1547 insanire,
1089 1455 1147 1531 vel
1175 1480 1214 1531 se
1244 1480 1331 1532 cum

207 1583 284 1661 suis
304 1581 499 1684 permultis
519 1605 649 1683 sapere
664 1580 871 1658 videantur.

257 1707 360 1784 Nihil
387 1712 490 1784 certe
517 1707 667 1809 prodest
700 1707 731 1784 si
760 1687 931 1809 opinione
958 1705 1062 1809 vulgi
1082 1707 1285 1802 valeamus,
1302 1707 1335 1785 si

206 1859 296 1912 vere
313 1839 564 1936 aegrotemus,
580 1833 674 1910 nihil
693 1835 799 1911 obest
826 1832 856 1909 si
886 1833 1051 1933 ejusdem
1070 1835 1254 1911 sententia
1274 1859 1334 1911 ae-

206 1964 400 2064 grotantes
431 1957 488 2063 (1)
516 1957 733 2052 habeamur,
763 1983 849 2035 cum
878 1968 978 2034 certe
999 1957 1216 2050 valebimus
1237 1960 1334 2060 quod

205 2089 312 2162 tanto
349 2083 509 2185 amplius
537 2082 574 2157 in
602 2082 675 2159 hoc
702 2081 891 2185 proposito
906 2080 1204 2182 magnifacimus,
1223 2107 1337 2183 quau-

205 2215 288 2287 tum
330 2209 413 2310 plus
450 2190 577 2285 secum
614 2208 727 2283 habet
755 2206 933 2283 momenti
962 2206 1076 2283 animi
1104 2207 1246 2284 sanitas
1275 2210 1336 2285 vel

206 2331 429 2433 aegritudo,
467 2356 579 2432 quam
616 2329 802 2432 corporis:
845 2329 1146 2431 quandoquidem
1188 2333 1329 2431 quanto

207 2460 299 2535 haec
318 2459 364 2533 ab
383 2457 446 2533 illa
464 2456 576 2533 altius
596 2456 804 2548 expellitur,
825 2481 868 2532 eo
888 2455 1036 2557 dignius
1056 2455 1248 2557 quaeritur
1264 2452 1333 2560 (2),

206 2588 244 2661 et
273 2583 472 2687 gloriosius
500 2583 710 2661 iuvenitur:
731 2583 843 2659 etiam
868 2583 896 2657 si
918 2583 1127 2659 eommunis
1147 2607 1334 2660 commen·

206 2711 306 2787 datio
341 2735 416 2787 uon
444 2712 704 2813 subsequatur,
734 2709 796 2785 ubi
824 2708 1042 2810 plerumque
1061 2708 1181 2811 magis
1199 2706 1335 2785 infirmi

206 2843 318 2940 atque
347 2836 462 2929 stulti,
492 2863 531 2913 se
560 2837 726 2914 saniores
754 2839 864 2938 atque
893 2836 1138 2937 sapientiores
1166 2860 1246 2912 esse
1274 2861 1336 2911 au·

207 2968 367 3040 tument.

261 3090 310 3165 ut
338 3098 380 3164 ut
409 3114 488 3166 rem
517 3089 621 3165 velut
649 3090 695 3165 ab
724 3088 796 3166 alio
825 3088 945 3190 capite
973 3088 1109 3164 iterum
1138 3088 1328 3165 exordiar:

157 3218 161 3226 '
207 3219 287 3291 esto
316 3214 413 3316 quod
442 3239 511 3316 ego
541 3215 637 3290 sicut
665 3222 702 3289 et
730 3214 866 3290 caeteri
895 3211 1000 3316 (sive
1029 3213 1225 3315 perpauci.
1256 3213 1335 3287 sire

207 3346 338 3419 extent
365 3338 607 3444 perplurimi)
635 3341 798 3442 decipiar
831 3344 869 3416 et
896 3364 1029 3431 errem,
1060 3339 1177 3441 decipi
1209 3345 1335 3416 tamen

207 3472 245 3542 et
282 3466 419 3543 erroris
457 3465 615 3568 caligine
649 3467 765 3542 teneri
794 3490 868 3542 non
897 3466 1068 3542 credam:
1098 3465 1185 3568 quid
1217 3490 1336 3567 argu·

206 3592 323 3669 menti
362 3616 500 3694 quaeso
527 3590 585 3697 (3)
613 3592 696 3685 erit,
726 3592 756 3667 si
785 3590 875 3668 dum
903 3618 951 3670 ex
981 3618 1056 3668 una
1083 3599 1188 3693 parte
1216 3616 1333 3668 unum

208 3719 317 3796 video
347 3718 535 3795 Nolanum
564 3719 788 3819 proximum,
818 3723 1065 3821 praesentem,
1095 3717 1335 3797 neutericum.

207 3867 327 3943 neque
356 3843 447 3919 satis
476 3841 704 3919 multitudini
732 3844 943 3945 probatum,
974 3842 1049 3919 imo
1069 3843 1192 3944 potius
1214 3842 1337 3941 ingra-

206 3967 414 4059 tissimum,
444 3972 571 4069 utpote
600 3970 661 4069 qui
690 3993 776 4045 eum
806 3968 885 4070 ipsa
913 3993 1111 4070 perparum
1150 3991 1336 4068 propeque

246 4146 294 4228 (l)
315 4149 340 4209 Il
353 4154 431 4210 testo
445 4151 496 4210 he:
514 4157 702 4224 egrotantes.

249 4249 294 4324 (2)
309 4249 334 4309 11
348 4253 426 4310 testo
440 4250 493 4310 he:
508 4253 664 4328 queritur.

248 4347 295 4429 (3)
309 4349 334 4409 11
348 4354 425 4410 testo
440 4349 493 4411 ha:
507 4368 612 4428 queue.
