3442 5108
707 358 886 419 -270-

272 551 315 617 Ut
340 551 468 635 gemina
492 551 573 615 haec
597 550 664 614 sine
688 549 751 614 fine
774 551 858 615 sient
881 551 1066 625 contraria,
1092 554 1124 615 et
1148 570 1247 616 uuum

274 676 469 748 Continuum
493 684 556 748 siet
580 682 665 762 hinc,
690 682 845 766 reliquum
872 702 949 747 vero
972 684 1033 748 siet
1057 684 1154 761 illinc,

272 811 362 886 Quae
387 812 521 878 rationis
545 831 624 896 opus
649 813 744 897 capit,
770 816 865 894 atque
888 812 1003 875 insana
1025 811 1188 878 mathesis:

270 945 405 1019 Quando
430 948 462 1010 in
487 952 615 1022 natura,
640 944 688 1031 (l)
711 945 787 1010 hinc
809 944 888 1009 duce
913 943 1044 1029 frigore,
1069 952 1102 1012 et
1126 946 1197 1012 inde
1221 950 1348 1030 calore,

270 1076 372 1144 Milite
397 1079 488 1143 nuno
513 1078 710 1164 pugnabitur
734 1078 872 1161 undique
897 1080 1024 1171 passim,

271 1206 312 1273 Et
337 1228 493 1291 nusquam
518 1229 649 1274 numero
677 1210 845 1273 innumero
870 1230 1064 1296 consurgere
1088 1217 1204 1280 contra

270 1337 455 1405 Constabit:
481 1359 649 1403 numerum
675 1359 752 1405 vero
776 1341 988 1416 innumerum,
1014 1362 1242 1427 munerumque

268 1473 476 1538 innumerum
500 1494 614 1558 gerere
639 1476 670 1537 in
694 1473 801 1558 spacio
822 1474 891 1536 sine
915 1472 977 1537 fine
1002 1494 1141 1559 perenne

269 1600 410 1676 Bellum,
435 1600 510 1664 dum
534 1621 656 1686 semper
679 1601 844 1666 contraria
867 1610 943 1668 sunt
966 1609 998 1666 et
1022 1603 1146 1688 ubique,

268 1729 310 1795 Et
334 1749 458 1815 semper
482 1750 615 1795 numero
639 1751 790 1796 numerus
816 1739 929 1797 contra
952 1739 1018 1798 stat
1042 1733 1168 1817 ubique,
1192 1742 1225 1802 et

267 1861 473 1927 Innumornm
500 1865 666 1927 innumero
690 1884 754 1927 non
779 1864 844 1927 ulla
867 1866 898 1927 in
922 1864 996 1927 sede
1021 1872 1191 1950 repugnat,

268 1994 368 2076 Atqui
392 2001 488 2061 extra
511 1995 551 2059 ad
575 1995 700 2059 libitum
724 1997 809 2060 ratio
833 1996 909 2060 dnm
933 2001 1096 2080 supputat.
1122 1998 1190 2062 exit

267 2117 383 2183 Altera
407 2120 458 2183 vis
482 2119 599 2186 isthinc
622 2121 690 2183 sine
714 2119 839 2197 finibus
863 2120 1029 2203 alteraque
1054 2120 1150 2184 illinc.

312 2249 438 2315 Addere
463 2255 631 2335 praeterea
655 2250 748 2314 dictis
773 2250 850 2314 iilud
875 2269 997 2333 quoque
1020 2252 1133 2334 possis

267 2379 310 2446 Ut
334 2381 482 2463 quamvis
505 2381 635 2465 planum
658 2379 719 2443 duo
744 2400 882 2465 corpora
905 2384 1055 2449 terminet
1079 2405 1189 2460 unum,

267 2506 366 2584 Quae,
391 2514 484 2593 parte
508 2531 525 2575 e
550 2511 683 2594 reliqna,
710 2532 860 2598 magnum
885 2535 942 2598 per
967 2516 1062 2579 inane
1085 2516 1227 2601 profusa,

266 2634 369 2699 Anrbo
395 2636 552 2704 infinitum
577 2639 609 2702 in
634 2658 748 2722 corpus
772 2661 968 2726 consurgere
992 2662 1100 2726 pronas,
1118 2643 1168 2729 (2)

265 2765 414 2832 Mutuum
437 2771 470 2831 ct
493 2765 671 2844 obsistant;
696 2767 781 2832 hand
807 2770 855 2833 ris
879 2771 947 2834 sine
972 2770 1034 2834 tine
1057 2778 1218 2855 sequetur,
1244 2776 1291 2859 (a)

265 2895 446 2960 Aduersam
470 2916 551 2978 quae
575 2897 642 2961 vim
665 2898 734 2961 sine
759 2897 821 2961 sme
845 2898 1021 2967 obtundere
1046 2911 1168 2982 tentet3

266 3025 431 3109 Nusquam
456 3028 574 3094 etenim
600 3030 649 3092 ris
673 3034 764 3095 tanta
789 3037 895 3113 potest
917 3033 1062 3099 conlecta
1086 3034 1199 3111 videri,

264 3156 364 3239 Atqui
387 3164 522 3223 extensa
546 3159 634 3242 riget
657 3157 864 3242 dimensaque
890 3161 998 3226 taliter
1021 3166 1123 3228 munis

264 3284 418 3350 Partibus
441 3305 482 3349 ex
505 3287 567 3350 iilis
592 3288 703 3371 procui
727 3289 810 3364 hine,
836 3291 945 3374 hisque
971 3293 1043 3359 inde
1068 3301 1218 3378 remotis;

264 3412 388 3478 Contra
412 3415 489 3478 istas
514 3423 662 3478 neutrum
687 3423 794 3499 partes
819 3418 948 3501 pollebit
971 3428 1003 3486 et
1025 3423 1106 3503 illas,

263 3546 418 3610 Proxima
442 3548 490 3631 (1)
513 3546 567 3611 scd
591 3552 716 3613 tantum
740 3568 813 3631 pars
838 3556 960 3631 partem
983 3553 1113 3637 attingit
1137 3564 1169 3621 et
1191 3565 1295 3643 urget.

266 3680 335 3743 Imo
358 3685 391 3745 et
413 3687 611 3744 concurrant
639 3685 706 3743 tota
731 3679 811 3744 haec
836 3684 1004 3746 contraria
1028 3685 1059 3746 in
1084 3705 1200 3763 nuum,

268 3810 433 3895 Nusquam
457 3812 588 3878 virtutis
614 3813 681 3875 sine
706 3810 768 3877 sine.
793 3813 845 3876 ille
871 3821 962 3880 artus
986 3816 1132 3902 adesset,

265 3940 411 4024 Undique
436 3940 562 4005 linitum
587 3941 678 4006 finito
701 3945 846 4020 antistat,
872 3946 1008 4029 agendo.

245 4164 274 4218 (l)
284 4166 369 4214 Qut-sta
379 4165 467 4217 virgula
476 4178 556 4208 manca
567 4166 601 4209 net
610 4173 675 4210 testo.

242 4269 271 4323 (¹2)
288 4268 302 4309 ll
314 4276 372 4311 testo
383 4267 419 4310 lia:
431 4279 504 4321 ponus
517 4275 636 4317 inreritum,
647 4277 668 4312 ct
678 4270 800 4311 obsistant:
812 4271 826 4311 ii
838 4278 948 4315 ηιιηιιίἰι
960 4271 1038 4315 irmeco
1049 4285 1079 4317 ra
1089 4287 1131 4319 ron
1140 4274 1263 4319 corruant.

243 4368 273 4421 (8)
286 4370 370 4415 Qmata
380 4368 467 4421 vinnola
478 4380 558 4411 manca
569 4368 603 4410 nel
615 4376 682 4411 testo.

242 4462 274 4519 (i)
286 4461 302 4504 11
311 4470 371 4507 resto
382 4464 412 4507 nn
421 4463 457 4519 qni
465 4474 508 4507 una
519 4463 615 4521 virgula,
626 4464 667 4509 ciro
677 4479 720 4509 nou
730 4467 750 4509 ci
760 4479 798 4518 va,
