3442 5108
903 365 937 376 -
962 330 1072 393 88·-·.

426 521 556 598 audire
576 523 810 621 cogerentur.
831 518 869 597 Si
885 519 983 596 enim
1003 519 1123 622 primo
1144 518 1321 596 scientiae
1340 520 1551 622 subjectum

425 647 534 723 debet
558 671 638 722 esse
666 671 744 737 ens,
773 645 954 747 quianon
973 669 1038 720 ens
1058 670 1134 721 non
1154 648 1211 720 est
1230 643 1382 721 scibile:
1402 649 1550 727 constat

425 771 523 874 quod
552 771 648 875 apud
676 773 879 873 majorem,
908 768 1210 874 melioremquem
1243 770 1555 872 philosophorum

424 899 591 998 partem,
624 891 813 968 naturalia
841 889 1153 995 (quandoquidem
1182 891 1330 967 mobilia
1363 896 1401 968 et
1428 892 1553 968 incon-

426 1019 566 1097 stantia
594 1017 699 1122 sunt)
728 1044 804 1095 non
832 1043 934 1111 vera,
960 1023 998 1094 ot
1017 1042 1091 1094 non
1111 1019 1213 1093 entia
1232 1018 1418 1094 habentur
1433 1022 1471 1094 et
1489 1042 1552 1119 ap

424 1145 623 1248 pellantur,
649 1150 686 1220 et
711 1142 765 1247 (l)
789 1145 887 1245 quod
901 1149 1079 1246 perpetuo
1095 1149 1243 1220 constat
1270 1147 1382 1247 atque
1409 1149 1550 1236 manet,

425 1277 596 1348 constare
616 1274 726 1371 atque
741 1295 893 1346 manere
912 1270 1059 1363 (licitur,
1079 1273 1134 1345 est
1164 1275 1312 1346 natura.
1333 1269 1372 1346 Si
1387 1268 1550 1345 secundo

424 1398 633 1497 subjectum
652 1398 800 1496 oportet
819 1418 900 1471 essc
919 1395 1275 1497 cognoscibilaquia
1293 1395 1433 1471 frustra
1454 1393 1549 1471 scire

426 1522 642 1624 quaerimus
666 1521 890 1622 impossibile
915 1522 1001 1597 sciri
1021 1520 1091 1625 (2),
1111 1526 1258 1599 constat
1287 1522 1449 1598 maxime
1479 1546 1548 1598 co-

427 1648 631 1750 gnoscibile
668 1646 924 1751 (etiamsinon
943 1648 1208 1753 cognoscatur)
1228 1649 1357 1725 halieri
1385 1648 1547 1725 maximo

430 1799 562 1850 verum
595 1800 672 1867 ena,
693 1780 894 1852 constans:
927 1776 1017 1852 talia
1036 1800 1108 1852 non
1138 1782 1226 1853 sunt
1254 1776 1440 1854 naturalia
1464 1775 1550 1869 ulla,

426 1900 492 1976 sed
510 1904 656 1975 natura.

479 2026 518 2101 Si
546 2027 657 2102 tertio
689 2026 821 2103 delicat
848 2053 929 2104 esso
953 2028 1194 2131 intelligibile,
1215 2029 1301 2130 quia
1320 2027 1492 2104 sensibile
1513 2029 1550 2102 et
1574 2081 1576 2086 -

425 2151 674 2253 imaginabile,
699 2155 736 2228 et
764 2153 959 2253 opinabile,
989 2180 1151 2242 sensum,
1180 2155 1402 2258 opinionem,
1435 2155 1549 2255 atquc

425 2276 589 2352 fabulam
608 2281 801 2354 statuunt:
819 2278 1051 2381 intelligibile
1070 2280 1248 2358 nimirum
1271 2304 1345 2355 non
1365 2282 1422 2355 est
1440 2281 1551 2354 natu-

424 2399 503 2488 rale
532 2400 661 2494 ullum,
689 2402 764 2477 imo
788 2404 960 2479 naturale
984 2403 1213 2504 intelligibile
1236 2404 1330 2481 nihil
1349 2401 1550 2479 aliudesse

425 2531 583 2620 constat,
604 2554 716 2630 quam
734 2529 852 2630 ipsam
871 2536 1057 2624 naturam,
1086 2531 1239 2632 ipsaque
1268 2534 1324 2608 est
1343 2530 1441 2631 quod
1459 2531 1550 2604 tan·

426 2653 510 2730 dem
529 2680 576 2730 cx
595 2656 828 2732 naturalibus
848 2657 1078 2759 intelligibile
1098 2657 1269 2734 resultat.

479 2780 518 2855 Si
537 2786 669 2880 quarto
690 2786 835 2883 oportet
868 2809 949 2858 csse
968 2782 1192 2875 uniuersale,
1213 2782 1364 2884 quiade
1388 2781 1549 2884 particu-

425 2907 567 2983 laribus
596 2908 753 2984 scientia
772 2933 846 2985 non
867 2914 935 2985 ost:
957 2914 1057 2985 corto
1077 2911 1174 3011 quod
1190 2909 1227 2984 in
1243 2908 1413 2984 omnibus
1430 2906 1489 2999 sit,
1511 2911 1549 2982 et

424 3033 464 3110 in
483 3035 653 3111 omnibus
673 3036 885 3112 verificetur
904 3040 941 3113 ot
961 3038 1005 3112 ilo
1025 3037 1194 3112 omnilms
1218 3061 1307 3110 uero
1327 3033 1473 3126 dicitur,
1493 3031 1550 3136 (3)

424 3155 517 3231 niliil
533 3155 631 3232 aliud
652 3163 707 3232 est
719 3183 830 3258 quam
849 3167 995 3235 natura.
1012 3159 1108 3236 Hinc
1129 3158 1265 3258 ubique
1284 3162 1421 3232 natura
1440 3180 1552 3256 quac-

424 3283 521 3359 ritur
541 3282 609 3388 (lp
631 3284 710 3359 sivo
729 3312 794 3386 per
815 3286 1025 3362 uniuersale
1045 3285 1142 3387 <pion
1162 3284 1250 3361 lacit
1269 3284 1314 3359 ael
1335 3286 1414 3385 ejus
1434 3283 1550 3357 scien·

424 3409 546 3503 timu,
586 3415 714 3512 utpotc
752 3413 813 3488 nbi
847 3420 901 3489 est
935 3413 1204 3505 scientificum,
1236 3411 1274 3487 in
1308 3410 1439 3511 (piilms
1470 3408 1551 3508 ipsa

424 3536 573 3613 ommno
602 3536 877 3615 ordinatissime
911 3568 949 3617 so
983 3541 1107 3616 habet:
1128 3541 1207 3615 sivo
1227 3564 1293 3641 per
1321 3535 1549 3639 particulare

426 3664 524 3764 quod
544 3663 632 3740 lacit
659 3665 706 3740 acl
735 3666 914 3765 ejusinodi
944 3668 1151 3758 historiam,
1172 3671 1213 3742 ul
1232 3666 1268 3741 in
1288 3662 1552 3762 lllcteorologi-

464 3893 510 3973 (1)
528 3896 551 3955 ll
567 3895 689 3954 Giroror
704 3897 810 3972 cangio
825 3902 928 3973 (praesto
943 3899 1016 3957 etin
1032 3899 1091 3970 scd,
1107 3917 1192 3957 senza
1207 3917 1332 3960 nessuoa
1349 3901 1501 3960 necessita.

467 3994 554 4075 (1111
576 3993 700 4054 Glrbrer
721 4013 862 4072 eorregge
881 4000 960 4056 seila
980 3998 1082 4056 inrecc
1102 3997 1130 4055 di
1144 4001 1219 4056 sciri
1232 4020 1239 4056 :
1254 3997 1274 4056 il
1296 4017 1381 4058 senso
1396 3997 1509 4057 rirnane
1523 3997 1550 4056 lo

426 4098 529 4153 stesso:
546 4093 637 4151 loscio
651 4094 767 4169 dunque
779 4093 807 4151 la
821 4093 931 4153 lezione
945 4095 992 4152 ‹lel
1007 4101 1093 4154 tosto.

463 4191 510 4274 (3)
527 4194 552 4254 ll
568 4192 690 4252 Glrorer
704 4210 848 4269 corregge
865 4194 1001 4267 (labatur,
1013 4195 1049 4254 od
1065 4196 1102 4255 lia
1117 4195 1248 4271 ragione.

463 4292 513 4372 (4)
535 4293 559 4353 ΙΙ
577 4295 653 4351 testo
674 4291 723 4352 ha:
743 4291 907 4369 proteritur.
