3442 5108
772 355 812 373 -
832 323 892 385 *124
914 358 950 376 ..

293 512 334 591 in
352 512 502 616 spacio?
518 536 586 592 cnr
598 512 806 616 potentiam
818 511 994 590 tendendi
1009 512 1056 589 ad
1070 511 1194 589 locum
1210 534 1321 589 suum
1339 533 1417 588 non

295 640 538 743 prohibitum,
571 665 638 743 per
659 638 904 742 superficiem
937 638 1028 716 dicis
1045 638 1194 741 potius,
1214 663 1327 741 quam
1344 662 1413 741 per

295 768 463 870 spacium
479 769 493 844 l
517 766 756 845 Individuum
774 766 979 844 secundum
997 765 1241 861 latitudinem,
1277 766 1420 843 mathe-

295 894 456 972 maticus
483 889 667 998 (inquam)
684 892 788 970 locus
805 895 906 985 tuus,
934 892 1118 993 quomodo
1135 890 1348 969 naturalem
1365 889 1420 968 ul·

294 1016 369 1096 lam
388 1019 467 1095 vim
486 1017 683 1095 admittere
700 1041 775 1094 non
794 1017 983 1118 nequeat?
1012 1042 1109 1118 quae
1137 1017 1237 1094 enim
1262 1017 1420 1120 physica

293 1143 454 1248 qualitas
468 1146 589 1247 potest
608 1141 816 1245 superficiei
836 1141 1001 1245 corporis
1016 1167 1097 1219 esse
1111 1144 1274 1245 propria,
1285 1146 1328 1221 ut
1341 1147 1415 1221 tra-

294 1268 373 1360 hat,
402 1264 610 1367 alliciatque
628 1264 827 1341 locandum
846 1263 861 1339 ‘l
881 1265 1033 1367 quinam
1051 1262 1108 1367 (l)
1127 1265 1325 1366 tripliciter
1351 1264 1412 1341 di-

293 1393 567 1471 mensionatum
594 1416 670 1469 una
689 1390 868 1467 dimensio
888 1390 1115 1467 continebit?
1134 1391 1229 1469 Illud
1249 1413 1356 1485 sane,
1374 1390 1413 1466 in

296 1521 395 1622 quod
422 1517 647 1595 transfertur
675 1540 831 1619 empne,
852 1539 944 1618 opus
963 1519 1021 1592 est
1039 1519 1082 1593 ut
1098 1516 1247 1618 capiat,
1268 1515 1306 1592 id
1324 1539 1415 1592 vero

298 1644 396 1748 quod
415 1643 526 1746 capit,
546 1641 714 1744 spacium
733 1644 801 1734 est,
820 1665 895 1718 non
914 1641 1152 1743 superficies:
1172 1643 1212 1719 iu
1229 1641 1297 1719 tali
1316 1640 1417 1718 enim

297 1770 391 1863 locu,
411 1766 530 1869 qualis
550 1770 607 1843 est
625 1766 723 1843 inter
740 1765 832 1842 duos
854 1764 945 1842 istos
973 1765 1152 1861 circulos,
1181 1792 1315 1870 corpus
1333 1771 1418 1848 soli·

297 1896 385 1973 dum
403 1893 524 1999 (cuius
543 1891 789 1968 dimensiones
808 1915 936 1968 omnes
955 1895 1041 1969 sunt
1056 1893 1232 1995 aequales
1260 1900 1416 1975 externo

297 2016 453 2124 circulo)
471 2018 586 2095 locari
605 2042 681 2095 non
699 2020 833 2119 potest.
846 2017 1039 2102 Quomodo
1058 2044 1148 2120 ergo
1169 2021 1415 2123 superficiem,

297 2152 450 2224 externo
470 2143 609 2222 circulo
629 2142 842 2245 aequalem,
862 2140 1032 2221 sufficere
1059 2147 1106 2222 ad
1133 2145 1204 2222 loci
1232 2146 1417 2226 rationem

297 2273 441 2352 faciest
469 2271 600 2350 Nonne
627 2296 761 2374 corpus
780 2271 942 2374 undique
961 2297 1001 2349 se
1019 2271 1098 2374 ipso
1118 2272 1270 2375 plenum
1290 2273 1416 2377 requi·

297 2400 348 2478 rit
365 2396 574 2475 necessario
592 2395 693 2474 aliud
711 2395 857 2474 nullum
876 2421 1010 2499 corpus
1031 2422 1112 2474 esse
1131 2399 1229 2499 quod
1248 2399 1417 2501 spacium

297 2528 344 2608 ab
373 2528 544 2604 extrema
561 2520 625 2601 illa
643 2523 954 2618 circumferentia,
983 2525 1164 2627 usquead
1183 2525 1347 2602 medium
1364 2530 1418 2603 to·

295 2649 385 2744 tina,
405 2645 466 2726 vel
485 2650 565 2751 ejus
584 2649 838 2750 cujuscunque
855 2646 973 2750 partis
997 2647 1181 2749 occupetl
1211 2643 1289 2724 Cur
1317 2647 1417 2725 enim

298 2775 484 2853 Hesiodus
502 2774 639 2851 citatur
657 2775 767 2851 rebus
787 2773 968 2852 faciundis
986 2773 1121 2869 locum,
1137 2799 1311 2870 vacuum,
1327 2800 1417 2879 spa·

299 2900 411 2991 cium,
431 2900 619 3004 chaosque
645 2924 889 3004 praeponens
909 2899 972 2978 ubi
990 2899 1052 2976 ille
1069 2924 1144 2978 non
1162 2904 1290 2978 tecum
1307 2899 1345 3005 (o
1364 2900 1417 2976 Α·

300 3025 501 3132 ristoteles)
511 3027 746 3131 superficiem
763 3027 1027 3119 continentem,
1038 3024 1162 3132 (quae,
1177 3026 1250 3103 nisi
1261 3050 1419 3129 corpora

297 3138 385 3244 sint,
405 3174 580 3229 essenon
598 3150 737 3255 potest)
755 3150 819 3228 sed
835 3151 1002 3253 spacium
1013 3152 1199 3255 quoddam
1209 3152 1417 3256 supposuit,

296 3276 336 3355 in
354 3302 427 3380 quo
445 3277 655 3356 mirabilem
673 3277 776 3355 illam
795 3278 1000 3379 potentiam
1027 3279 1262 3383 prioremque
1291 3279 1416 3357 omni-

295 3402 366 3481 bus
379 3426 459 3480 esse
476 3406 634 3506 oportet:
649 3403 771 3505 ipsum
789 3428 878 3481 sane
897 3407 969 3498 est,
983 3404 1063 3481 sine
1082 3430 1155 3507 quo
1173 3405 1318 3484 nullum
1333 3406 1419 3483 alio·

296 3550 394 3620 rum,
414 3527 586 3630 quodque
605 3527 685 3605 sine
703 3527 786 3604 aliis
806 3552 886 3604 esse
905 3551 1013 3629 posse
1031 3528 1263 3633 intelligitur.
1288 3530 1419 3608 Proin-

298 3654 344 3730 de
362 3654 462 3755 quod
480 3653 554 3732 duo
572 3678 730 3757 corpora
747 3678 823 3731 non
841 3653 918 3731 sint
940 3653 1075 3749 simul,
1104 3681 1180 3733 non
1207 3655 1419 3758 prohibebit

296 3804 373 3858 una
390 3779 555 3882 corporis
574 3780 797 3858 continentis
811 3780 1036 3884 superficies
1052 3783 1117 3861 sed
1131 3781 1303 3861 differens
1319 3786 1417 3887 quod

297 3903 466 4006 utrisque
484 3905 640 3984 debetur
658 3904 837 4009 spacium.
857 3905 939 3983 Hoc
956 3932 1076 4009 neque
1095 3907 1319 3988 elementum
1347 3913 1416 4002 est,

295 4054 415 4133 neque
445 4055 492 4109 ex
510 4032 715 4128 elementis,
734 4057 809 4110 non
827 4031 926 4110 enim
944 4034 1129 4114 elementa
1156 4062 1333 4140 corporea
1354 4039 1419 4116 ha·

303 4295 305 4300 ’
337 4293 381 4376 (1)
398 4292 422 4353 Il
436 4296 512 4356 testo
523 4294 563 4355 ha
575 4295 703 4357 un’altra
716 4298 806 4359 volta:
820 4302 962 4378 quinam.
