3442 5108
786 268 896 329 ...163
925 304 958 317 -

323 455 386 531 vel
400 459 538 533 natura
551 458 785 551 antecedens,
801 457 941 553 localiS,
956 457 1013 564 (l)
1032 459 1063 537 si
1086 484 1133 538 ex
1147 462 1259 538 astris
1277 468 1444 563 tempore

322 584 423 688 prius
443 610 517 663 non
537 587 746 690 reperiatur
761 611 889 676 unum,
908 613 1026 689 neque
1036 594 1173 665 natura
1181 589 1322 693 patitur
1331 590 1442 692 ignea

321 720 424 793 astra
441 716 522 794 sine
537 716 685 818 aquus,
700 742 819 819 neque
838 741 956 818 aquea
971 717 1050 793 sine
1070 717 1202 819 igneis
1213 744 1331 823 neque
1350 745 1440 820 spa-

320 842 416 920 tium
433 843 556 921 inane.
568 843 605 920 Si
629 867 718 945 ergo
738 869 786 920 ex
805 842 1174 946 corporibusuullum
1193 849 1250 922 ast
1267 845 1440 948 primum,

320 994 440 1072 neque
467 979 590 1048 motus
619 971 728 1049 ullius
746 996 868 1073 neque
887 975 1008 1047 motor
1036 970 1133 1048 ullus
1156 972 1226 1049 erit
1244 972 1313 1077 (2):
1329 998 1441 1075 quan·

320 1095 514 1198 doquidem
543 1099 721 1201 cujusque
748 1094 893 1174 mobilis
921 1102 1042 1173 motor
1060 1105 1210 1200 propria
1228 1099 1352 1175 anima
1370 1104 1437 1175 est.

752 1373 872 1427 ARTIC.
901 1373 1001 1426 XLIX.

367 1602 459 1680 Plus
474 1628 586 1706 quam
596 1603 748 1705 puerilis
762 1602 893 1680 naenia
907 1607 963 1680 est
977 1603 1138 1705 primum
1153 1607 1346 1699 mulonem,
1356 1610 1438 1683 tan-

314 1756 427 1833 quam
446 1731 485 1808 in
504 1732 703 1836 praecipua
721 1737 819 1829 sede,
838 1735 877 1811 in
896 1733 1194 1811 circumferentia
1213 1736 1340 1812 mundi
1354 1737 1434 1813 col·

314 1857 450 1936 locare.
463 1858 535 1936 Sed
555 1861 652 1960 quod
671 1861 860 1938 Aristoteli
880 1864 918 1936 et
935 1860 1050 1964 vulgo
1074 1860 1348 1962 primusmotcr
1366 1868 1434 1958 est,

314 1987 465 2088 tamque
484 1986 654 2065 dissitum
673 1990 719 2065 ab
738 1987 869 2065 iisdem
883 1988 1094 2080 cernitur,a
1108 1987 1212 2063 nobis
1228 1990 1335 2064 extra
1352 1990 1434 2064 ter-

311 2140 375 2190 rae
397 2114 736 2194 circumferentiam
753 2142 829 2194 non
849 2115 1053 2217 reperitur,
1074 2115 1138 2192 sed
1157 2114 1195 2190 in
1213 2114 1333 2192 madio
1351 2118 1432 2192 tar·

311 2266 374 2319 rae
393 2243 646 2347 principaliter
665 2245 793 2348 procul
811 2245 921 2321 dubio
941 2245 1087 2322 residet.

809 2523 929 2574 RATIO.

359 2753 444 2829 ‚lam
473 2752 503 2829 si
532 2752 585 2828 ita
613 2777 652 2827 sc
680 2753 855 2846 habeant,
884 2779 978 2854 quae
1006 2751 1174 2853 proxime
1194 2755 1425 2855 supradicta

311 2885 400 2958 sunt
418 2882 463 2958 de
482 2882 601 2982 primo
621 2886 737 2973 motu,
758 2881 839 2982 quis
866 2887 925 2957 est
952 2880 985 2957 ei
1015 2880 1052 2955 in
1080 2880 1207 2955 mundi
1237 2880 1428 2960 circumse·
1468 2963 1475 2971 ,

308 3007 428 3083 rentia
455 3007 584 3084 locust
604 3007 715 3084 Nulla
734 3009 833 3083 enim
854 3007 949 3083 ratio
969 3011 1025 3083 est
1038 3030 1105 3107 pro
1126 3005 1254 3081 ultima
1268 3007 1423 3084 circum·

303 3135 473 3230 ferentia,
493 3136 617 3214 nullus
636 3137 831 3229 terminus,
859 3137 983 3214 nullus
1002 3137 1084 3212 finis
1113 3136 1209 3211 ae'ris
1237 3136 1421 3230 immensi,

300 3291 419 3368 neque
445 3267 557 3344 habet
580 3272 700 3345 totum
728 3268 799 3344 hoc
833 3267 1048 3343 aethereum
1085 3267 1213 3366 ejusve
1247 3290 1354 3366 pars,
1382 3273 1424 3345 ut

299 3395 400 3472 circa
422 3400 562 3473 terram
589 3401 769 3490 vertatur,
797 3422 916 3499 neque
935 3421 1088 3497 prorsus
1115 3395 1199 3471 talis
1218 3395 1316 3472 ullus
1335 3396 1419 3475 caeli

298 3528 421 3599 motus
440 3548 520 3599 esse
538 3528 671 3625 potest:
691 3524 754 3599 sed
775 3523 896 3625 ipsum
915 3526 972 3599 est
991 3521 1026 3597 in
1047 3546 1118 3623 quc
1138 3545 1295 3622 corpora
1315 3546 1420 3600 mun·

297 3647 394 3726 dana
407 3674 493 3727 suos
512 3663 737 3752 percurrunt
755 3652 942 3743 circuitus,
963 3673 1119 3753 quorum
1134 3651 1282 3753 quidam
1310 3653 1416 3729 nubis

295 3779 383 3854 sunt
392 3778 652 3875 sensibiliores
668 3781 818 3883 qnidam
829 3805 960 3885 parum
971 3779 1172 3872 sensibiles,
1188 3780 1417 3859 insensibiles

339 4053 387 4133 (l)
402 4054 427 4114 Il
442 4057 520 4116 testo
534 4056 569 4116 ed
584 4056 604 4115 il
621 4057 745 4120 Glrcrer
758 4061 864 4121 hanno:
886 4056 1067 4119 antecedens
1088 4054 1208 4126 locales,
1221 4054 1275 4116 che
1298 4055 1418 4117 direbbe

296 4154 317 4215 il
332 4155 480 4216 contrario
494 4154 524 4216 di
539 4157 605 4233 quel
620 4158 674 4219 che
685 4159 786 4219 Bruno
800 4159 936 4220 scsticnc.

334 4253 382 4335 (2)
395 4254 462 4330 Qui,
485 4275 538 4335 per
559 4257 686 4319 chiarire
706 4260 728 4320 il
741 4279 838 4335 senso,
851 4258 1059 4337 aggiungerei:
1077 4259 1224 4340 primus:
1246 4276 1328 4319 come
1349 4257 1412 4319 fail

294 4354 428 4417 Glrtrer.
