3442 5108
670 326 847 387 -219-

239 522 337 587 Vitae
360 518 422 585 hoc
444 516 644 604 principium,
668 515 767 581 vitam
790 515 851 582 hoc
874 535 999 600 quoque
1022 512 1275 580 concomitatur.

240 651 294 718 Sic
317 651 418 736 igitur
440 647 540 714 lixum
563 643 741 712 scintillans
764 644 897 710 dicimus
920 645 1053 708 astrum.

241 780 342 863 Ignea
364 797 438 842 narn
462 777 509 840 sic
532 781 688 860 apparent
711 771 828 838 collata
852 771 997 857 planetis:

239 904 322 968 Nam
345 903 373 966 si
396 901 465 985 quis
489 918 606 984 corpus
630 902 744 965 cernat
767 898 948 964 contentius
972 897 1087 962 horum

240 1032 344 1106 Quam
368 1029 475 1094 suevit
499 1026 626 1112 vulgus,
650 1024 740 1092 facile
762 1030 812 1092 est
833 1026 917 1110 potis
940 1023 992 1089 ille
1015 1041 1146 1108 negare,

236 1159 375 1226 Seclusis
400 1165 532 1242 septem,
556 1155 677 1238 reliqua
700 1173 800 1238 aeque
823 1152 987 1219 abstantia
1010 1150 1050 1216 ab
1075 1152 1152 1215 orbe
1174 1147 1246 1213 hoo.

236 1286 355 1354 Confer
377 1285 461 1350 enim
484 1307 501 1351 e
524 1285 662 1349 minimis
685 1285 774 1368 spica
796 1303 868 1349 cum
891 1283 1038 1369 Virginis
1055 1281 1102 1368 (l)
1126 1299 1234 1359 unam,

237 1418 387 1494 Qualibet
409 1424 467 1485 aut
490 1438 609 1505 magna
631 1438 712 1502 quae
735 1418 805 1504 plus
828 1417 961 1484 distabit
983 1418 1023 1483 ab
1046 1418 1111 1494 illa,

236 1546 449 1631 Temporibus
475 1548 575 1612 variis
602 1548 689 1613 varia
712 1546 831 1615 distare
855 1547 988 1614 videbis.

234 1680 302 1745 Ista
326 1679 416 1745 fuere
439 1679 517 1743 mihi
542 1679 679 1764 physica
703 1681 830 1745 ratione
853 1682 982 1763 reperta

234 1807 388 1873 Pluribus
413 1808 530 1874 abhinc
554 1811 674 1886 lustris,
699 1830 793 1874 sensu
818 1810 969 1875 interiore
992 1809 1138 1895 probatu,

235 1939 296 2005 Sed
325 1939 453 2006 tandem
476 1946 509 2007 et
531 1940 615 2007 docti
638 1941 761 2026 accipio
787 1940 915 2008 firmata
930 1940 978 2028 (2)
1003 1938 1155 2006 Tichonis

237 2067 384 2134 Servulis
410 2068 503 2147 Dani,
528 2069 656 2153 ingenio
680 2070 732 2152 qui
756 2069 856 2136 multa
878 2069 989 2153 sagaci

232 2190 369 2266 Invenit,
397 2195 497 2274 atque
519 2193 625 2276 aperit
648 2191 824 2257 conformia
847 2191 993 2257 sensibus
1016 2192 1114 2256 hisco.

233 2315 321 2399 Ergo
346 2317 428 2401 perit
452 2318 575 2382 coelum
599 2316 683 2400 quod
708 2320 805 2384 tantis
831 2316 897 2383 fixa
921 2316 1054 2383 tenaolis

232 2441 345 2508 Sidera
370 2445 544 2523 contineat,
569 2443 714 2527 quodque
739 2464 836 2508 unum
862 2443 998 2529 plurima
1020 2448 1136 2527 raptet,

231 2571 328 2645 Queis
355 2591 449 2656 mage
472 2591 535 2634 non
558 2572 652 2638 liceat
675 2575 804 2658 propria
827 2574 950 2639 virtute
972 2575 1106 2648 moveri,

230 2703 333 2777 Quam
359 2703 437 2787 ligni
462 2702 555 2778 nodo,
580 2703 666 2788 ligno
690 2708 867 2781 constante,
884 2703 933 2790 (3)
956 2707 1044 2769 cieri.

230 2833 317 2917 Ergo
349 2833 418 2899 loco
442 2840 595 2900 constans
618 2854 712 2919 quam
737 2836 838 2920 possit
860 2833 972 2899 findier
995 2836 1108 2900 aether

228 2964 390 3051 (Finditur
418 2972 454 3032 ut
478 2964 574 3032 dubio
599 2967 708 3051 procul
735 2966 834 3053 omni)
858 2967 989 3051 concipe
1012 2965 1153 3042 tandem,

228 3096 334 3180 Atque
362 3096 580 3180 sophistarum
606 3098 723 3162 misera
746 3098 826 3163 haec
849 3097 961 3163 deliria
984 3097 1076 3182 pelle.

226 3229 297 3293 Visi
331 3234 492 3295 testantur
515 3233 627 3294 nostra
650 3229 712 3294 hac
735 3234 842 3295 aetate
865 3233 1018 3302 cometae,

226 3357 316 3431 Quos
338 3358 497 3444 Stagirita
520 3364 612 3443 putat
636 3363 762 3424 tantum
786 3362 871 3425 intra
894 3380 1041 3426 concava
1063 3363 1172 3428 Lunae

228 3485 295 3551 Ora
322 3488 430 3552 valere
453 3489 538 3574 geni,
563 3509 663 3573 neque
688 3510 780 3574 posse
806 3510 938 3556 manere
960 3511 1108 3577 superne,

225 3615 322 3681 Nulla
345 3619 462 3683 etenim
491 3639 549 3704 pro
571 3626 660 3687 sorta
684 3629 778 3704 putat
802 3620 956 3687 variabile
979 3620 1101 3686 coelum

204 3861 234 3914 (l)
249 3862 317 3916 Spica
327 3873 356 3904 vn
366 3862 437 3905 lutose
445 3863 480 3904 uel
488 3862 614 3918 significato
620 3862 641 3905 di
648 3863 713 3908 stella
722 3863 781 3908 dum
789 3862 946 3908 costelluicne
955 3863 977 3906 di
984 3863 1091 3918 vergine.
1101 3861 1152 3908 cut
1161 3863 1182 3906 tn
1195 3863 1300 3908 OEcerooe

179 3950 221 3993 che
231 3950 331 3996 riserisce
341 3966 354 3995 e
364 3952 456 3997 maduca
466 3967 495 3997 uu
505 3967 570 3998 verso
579 3955 601 3998 di
609 3959 690 3999 Arato:

389 4082 400 4104 ‹
410 4064 498 4120 Spicum
510 4066 594 4111 illucue
601 4073 680 4111 terem
688 4066 814 4123 splendenti
824 4079 916 4124 corpore
924 4068 1023 4124 vrgo.»

783 4164 817 4206 Da
825 4169 873 4206 nat.
882 4163 945 4206 deor.
955 4165 1008 4221 Cup.
1018 4163 1052 4207 42

204 4230 236 4284 (2)
252 4228 268 4270 ll
278 4237 336 4278 testo
346 4228 387 4272 hc:
401 4230 518 4278 firmatae.

203 4324 235 4377 (3)
251 4324 284 4368 llo
294 4323 371 4367 chineo
380 4332 415 4369 tra
424 4324 467 4368 due
477 4324 577 4380 vtrgole:
592 4328 656 4381 tiano
671 4334 800 4382 corruente,
814 4327 900 4373 bencbt
913 4329 950 4374 nel
959 4335 1069 4374 testones
1082 4329 1125 4383 sie,
1135 4329 1221 4388 perptd
1230 4329 1295 4376 chla-

175 4427 245 4460 rouza.
