3442 5108
689 300 868 366 ..257-

217 493 283 573 ligii·
297 494 327 554 in
347 493 493 555 infinitum
508 495 561 555 sub
576 495 678 555 eadem
699 499 795 556 motus
817 496 913 558 diurni
927 499 958 556 et
978 497 1170 558 revolutionis
1191 514 1295 559 norma
1315 496 1346 559 in

217 615 391 676 immensum
408 635 496 675 unum
519 616 688 674 continuum
703 634 880 687 excrescere,
895 617 970 691 quod
986 616 1028 674 illi
1051 635 1108 674 non
1131 617 1343 694 intelligebant,

218 751 313 809 neque
330 733 433 806 infans,
448 739 479 792 et
493 735 594 792 vocale
615 709 734 793 brutum
749 751 806 791 non
820 738 919 810 posset
934 751 1062 809 unquam
1075 733 1242 810 imaginari.
1257 734 1346 796 Hisce

214 850 304 926 jactis
319 850 517 910 fundamentis
526 851 579 927 (1),
587 868 676 926 quam
688 869 719 910 se
731 855 849 910 strenue
860 851 939 928 pugil
952 851 1006 910 iste
1018 853 1138 912 torserit
1147 852 1203 931 (2),
1212 853 1347 913 vidimus.

218 975 295 1039 Quin
320 977 430 1047 etiam,
452 981 606 1052 postquam
621 975 735 1034 finitum
757 976 812 1032 sub
827 976 881 1033 liae
902 975 1030 1052 imagine
1051 974 1166 1034 mobilis
1186 973 1346 1051 rapiditate

218 1093 324 1154 diurna
341 1094 481 1153 mundum
495 1094 636 1171 concepit,
651 1094 768 1170 qualem
783 1092 872 1153 etiam
894 1093 1029 1170 Epicurei
1043 1093 1137 1154 etalii
1151 1093 1239 1154 finem
1255 1094 1345 1153 rebus

218 1231 277 1272 non
293 1214 485 1274 <instituentes
499 1215 555 1274 sibi
569 1233 748 1293 proposuere
760 1213 814 1294 (3),
825 1215 930 1274 saltem
945 1215 1054 1290 aliquid
1070 1219 1221 1292 praestare
1235 1215 1345 1291 posset,

219 1344 252 1398 ut
271 1341 319 1397 vel
333 1340 453 1399 dubium
468 1341 585 1416 aliquod
601 1340 637 1400 de
651 1340 763 1400 unitate
779 1337 877 1396 mundi
893 1337 986 1415 possit
999 1337 1149 1396 intrudere
1163 1334 1273 1395 menti:
1295 1331 1344 1394 vel

218 1457 307 1516 fidem
332 1457 368 1517 de
388 1458 579 1534 pluralitate,
601 1460 649 1519 vel
670 1456 897 1517 immensitatem
918 1455 1023 1516 saltem
1043 1454 1158 1514 externi
1179 1451 1270 1531 spacii
1292 1468 1349 1511 ex-

218 1577 351 1634 tenuare.

677 1781 820 1850 CAPUT
846 1780 902 1844 llI.

397 2036 496 2083 Potiu
519 2036 562 2082 ΕΤ
586 2036 701 2083 SOLVl'l*
726 2034 905 2083 SECUNDUM
928 2033 1175 2083 ARGUMENTUM.

247 2250 376 2295 Secundum
390 2261 420 2291 ox
430 2247 514 2303 reliqua
524 2253 598 2290 motus
613 2250 678 2305 (quae
692 2263 732 2306 per
746 2257 832 2294 rectam
847 2249 925 2293 lineam
940 2248 983 2303 est)
999 2247 1074 2303 specie
1087 2253 1246 2303 argumentum
1259 2248 1324 2293 adci-

273 2351 309 2386 tur
323 2351 346 2384 ec
360 2341 501 2384 exaniinntnr
512 2373 517 2395 ,
533 2341 666 2383 inculcando
675 2343 693 2383 l.
703 2355 792 2385 sursum
802 2349 825 2385 et
835 2341 937 2384 deorsum
948 2351 990 2381 non
1000 2351 1029 2382 ex
1040 2346 1121 2382 natura
1131 2339 1163 2381 rei
1173 2351 1232 2393 eese3
1247 2340 1268 2383 2.
1281 2351 1324 2383 ae-

274 2432 334 2487 quali
348 2430 411 2486 pulsu
421 2427 450 2472 ad
459 2429 500 2470 sibi
514 2429 650 2472 conueniens
664 2430 787 2474 ascendere
800 2436 824 2472 et
837 2426 974 2471 descendere
988 2433 1078 2481 pam-s,
1092 2432 1115 2468 et
1130 2424 1175 2468 alio
1188 2438 1322 2482 quocunque

274 2528 329 2583 rapi:
341 2528 361 2569 3.
370 2532 453 2569 motum
463 2532 549 2568 rectum
558 2538 602 2568 non
611 2538 662 2568 esec
672 2525 727 2568 astri
736 2525 779 2567 ullo
789 2531 864 2580 pacto,
874 2522 923 2564 ideo
939 2531 982 2564 nec
992 2519 1065 2564 telluri
1073 2520 1202 2562 convenire.
1213 2521 1233 2563 t.
1242 2519 1323 2563 lisdem

275 2623 349 2666 omnia
357 2630 419 2664 astra
430 2627 533 2664 constant
543 2620 666 2673 elementis,
677 2632 735 2676 quae
745 2619 827 2675 duplex
838 2618 866 2660 od
880 2628 951 2671 genus
960 2615 1033 2658 omnia
1042 2613 1179 2657 reducuntur
1189 2626 1217 2657 ex
1227 2627 1323 2670 supera·

275 2716 391 2759 bundante
402 2724 424 2757 et
434 2715 559 2758 dominante
569 2716 622 2770 igne
633 2715 669 2759 uel
683 2727 749 2770 aqna.
765 2715 785 2757 5.
800 2715 834 2756 lix
849 2714 877 2755 iis
892 2711 1089 2756 innumerabilibus
1098 2724 1138 2755 suo
1148 2719 1173 2755 nt
1181 2718 1233 2755 sunt
1246 2712 1323 2756 ordine

275 2807 385 2862 dispositis
395 2818 439 2848 noo
447 2807 554 2861 gravibus
564 2807 584 2850 in
594 2819 636 2849 sno
645 2807 703 2857 loco,
718 2818 762 2848 non
777 2805 842 2848 modo
857 2804 964 2847 inlinitum
974 2817 1017 2846 non
1026 2803 1138 2858 sequitur,
1149 2803 1189 2847 sed
1200 2816 1228 2848 ue
1237 2801 1324 2847 finitum

276 2901 310 2944 nel
320 2899 408 2942 minimo
418 2900 503 2942 ratione
513 2900 604 2955 physice
613 2910 693 2953 graue,
704 2898 742 2941 aed
753 2897 833 2952 logice,
842 2896 990 2950 arithmetice,
1000 2896 1142 2951 geometrice.

312 3126 391 3192 lnlox
414 3123 497 3207 quod
522 3125 683 3191 coelorum
707 3127 804 3195 ductu
828 3135 878 3196 est
901 3133 1036 3194 conatus
1061 3128 1090 3192 in
1116 3127 1233 3206 orbem,
1260 3128 1309 3215 (4)

271 3257 341 3324 Hoc
363 3256 592 3321 elementorum
616 3265 705 3325 recto
730 3261 917 3326 concludere
942 3267 1031 3326 motu

270 3388 408 3462 Nititur,
433 3393 528 3471 atque
551 3389 632 3454 alias
656 3393 743 3457 vires
765 3392 944 3476 exprimere
967 3391 1099 3457 frustra.

270 3517 342 3582 Non
368 3536 506 3599 uinpuam
531 3523 603 3601 pote
630 3517 665 3584 dt
688 3518 875 3606 (Stagirites
899 3520 1015 3604 inquit)
1040 3519 1079 3586 ab
1103 3520 1168 3586 ullo

269 3647 311 3712 Et
335 3647 421 3733 fingi,
446 3652 479 3712 et
502 3648 625 3714 leviore
648 3652 725 3715 mini
749 3654 872 3717 ratione
896 3652 1026 3737 probari

269 3777 391 3843 Tracta
415 3777 539 3844 infinito
564 3788 685 3846 motum
710 3801 846 3863 sursum,
874 3787 969 3866 atque
994 3781 1155 3855 deorsum:

252 4013 283 4068 (1)
298 4010 315 4054 n
328 4017 388 4053 testo
402 4010 437 4052 ha:
453 4009 619 4061 frudarrnemts.

251 4101 283 4158 (t)
294 4102 310 4146 ll
320 4109 377 4146 testo
384 4101 420 4144 ha:
431 4105 583 4145 celerandae
592 4116 635 4147 uno
645 4103 732 4161 ebaglio
742 4106 875 4164 tipogratlco
885 4108 906 4152 io
917 4107 986 4163 luogo
996 4108 1017 4151 di
1028 4119 1052 4152 se
1062 4109 1165 4155 torserit.
1174 4109 1284 4157 abbiamo
1295 4109 1350 4171 pert

222 4195 354 4242 tralucieto
365 4194 379 4236 il
390 4206 420 4247 ee,
431 4195 513 4251 perche
523 4204 629 4241 eructato
639 4199 738 4256 ripetuto
745 4199 879 4248 deductore
888 4213 928 4261 por
937 4202 1106 4248 inavverteaxa.

251 4288 284 4344 (3)
300 4288 318 4333 ll
332 4295 391 4332 tento
404 4288 441 4333 lm:
451 4299 600 4347 propalam.

251 4381 282 4439 (t)
292 4381 377 4436 Quarta
386 4384 473 4440 riegola
485 4397 566 4434 manca
574 4388 610 4434 cel
620 4396 685 4438 teuto.
