<?xml version="1.0" encoding="UTF-8"?>
<!DOCTYPE html PUBLIC "-//W3C//DTD XHTML 1.0 Transitional//EN"
    "http://www.w3.org/TR/xhtml1/DTD/xhtml1-transitional.dtd">
<html xmlns="http://www.w3.org/1999/xhtml" xml:lang="en" lang="en">
 <head>
  <title>
</title>
<meta http-equiv="Content-Type" content="text/html;charset=utf-8" />
  <meta name='ocr-system' content='tesseract 3.04.00' />
  <meta name='ocr-capabilities' content='ocr_page ocr_carea ocr_par ocr_line ocrx_word'/>
</head>
<body>
  <div class='ocr_page' id='page_1' title='image "./jordanibruninol04brungoog_0229.png"; bbox 0 0 3442 5108; ppageno 0'>
   <div class='ocr_carea' id='block_1_1' title="bbox 870 291 1051 351">
    <p class='ocr_par' dir='ltr' id='par_1_1' title="bbox 870 291 1051 351">
     <span class='ocr_line' id='line_1_1' title="bbox 870 291 1051 351; baseline -0.006 0"><span class='ocrx_word' id='word_1_1' title='bbox 870 291 1051 351; x_wconf 79' lang='lat'>-182-</span> 
     </span>
    </p>
   </div>
   <div class='ocr_carea' id='block_1_2' title="bbox 402 479 1533 1159">
    <p class='ocr_par' dir='ltr' id='par_1_2' title="bbox 402 479 1533 1159">
     <span class='ocr_line' id='line_1_2' title="bbox 403 479 1529 581; baseline 0.002 -26"><span class='ocrx_word' id='word_1_2' title='bbox 403 479 626 557; x_wconf 74' lang='lat' dir='ltr'>naturaliter</span> <span class='ocrx_word' id='word_1_3' title='bbox 647 481 857 557; x_wconf 86' lang='lat' dir='ltr'>convenire.</span> <span class='ocrx_word' id='word_1_4' title='bbox 869 480 948 558; x_wconf 80' lang='lat' dir='ltr'>Cur</span> <span class='ocrx_word' id='word_1_5' title='bbox 962 480 1077 581; x_wconf 87' lang='lat' dir='ltr'>igitur</span> <span class='ocrx_word' id='word_1_6' title='bbox 1091 489 1217 557; x_wconf 76' lang='lat' dir='ltr'>aerem</span> <span class='ocrx_word' id='word_1_7' title='bbox 1235 481 1296 558; x_wconf 91' lang='lat' dir='ltr'>vel</span> <span class='ocrx_word' id='word_1_8' title='bbox 1310 482 1529 558; x_wconf 74' lang='lat' dir='ltr'>aeresubti-</span> 
     </span>
     <span class='ocr_line' id='line_1_3' title="bbox 402 604 1531 709; baseline 0.003 -29"><span class='ocrx_word' id='word_1_9' title='bbox 402 604 488 697; x_wconf 90' lang='lat' dir='ltr'>lius,</span> <span class='ocrx_word' id='word_1_10' title='bbox 516 605 576 681; x_wconf 85' lang='lat' dir='ltr'>vel</span> <span class='ocrx_word' id='word_1_11' title='bbox 591 606 941 708; x_wconf 85' lang='lat' dir='ltr'>spiritualissimam,</span> <span class='ocrx_word' id='word_1_12' title='bbox 958 606 1286 708; x_wconf 81' lang='lat' dir='ltr'><strong>vanissimamque,</strong></span> <span class='ocrx_word' id='word_1_13' title='bbox 1299 609 1428 709; x_wconf 87' lang='lat' dir='ltr'>utpote</span> <span class='ocrx_word' id='word_1_14' title='bbox 1440 608 1531 683; x_wconf 90' lang='lat' dir='ltr'>adeo</span> 
     </span>
     <span class='ocr_line' id='line_1_4' title="bbox 403 728 1533 833; baseline 0.003 -30"><span class='ocrx_word' id='word_1_15' title='bbox 403 728 594 821; x_wconf 87' lang='lat' dir='ltr'>rariorem,</span> <span class='ocrx_word' id='word_1_16' title='bbox 621 730 789 832; x_wconf 89' lang='lat' dir='ltr'>quintam</span> <span class='ocrx_word' id='word_1_17' title='bbox 813 730 914 806; x_wconf 92' lang='lat' dir='ltr'>illam</span> <span class='ocrx_word' id='word_1_18' title='bbox 929 731 1130 808; x_wconf 75' lang='lat' dir='ltr'>essentiam</span> <span class='ocrx_word' id='word_1_19' title='bbox 1144 733 1378 832; x_wconf 85' lang='lat' dir='ltr'>quaerimus,</span> <span class='ocrx_word' id='word_1_20' title='bbox 1400 756 1533 833; x_wconf 88' lang='lat' dir='ltr'>nempe</span> 
     </span>
     <span class='ocr_line' id='line_1_5' title="bbox 402 857 1530 961; baseline 0 -29"><span class='ocrx_word' id='word_1_21' title='bbox 402 881 496 957; x_wconf 93' lang='lat' dir='ltr'>quae</span> <span class='ocrx_word' id='word_1_22' title='bbox 521 861 600 932; x_wconf 87' lang='lat' dir='ltr'>tam</span> <span class='ocrx_word' id='word_1_23' title='bbox 618 863 726 933; x_wconf 82' lang='lat' dir='ltr'>vasta</span> <span class='ocrx_word' id='word_1_24' title='bbox 745 857 1039 958; x_wconf 82' lang='lat' dir='ltr'>solidissimaque</span> <span class='ocrx_word' id='word_1_25' title='bbox 1068 883 1224 961; x_wconf 80' lang='lat' dir='ltr'>corpora</span> <span class='ocrx_word' id='word_1_26' title='bbox 1256 859 1377 961; x_wconf 87' lang='lat' dir='ltr'>rapiat</span> <span class='ocrx_word' id='word_1_27' title='bbox 1395 857 1530 958; x_wconf 87' lang='lat' dir='ltr'>potius,</span> 
     </span>
     <span class='ocr_line' id='line_1_6' title="bbox 403 982 1531 1159; baseline 0.001 -101"><span class='ocrx_word' id='word_1_28' title='bbox 403 1006 515 1082; x_wconf 92' lang='lat' dir='ltr'>quam</span> <span class='ocrx_word' id='word_1_29' title='bbox 534 987 751 1159; x_wconf 72' lang='lat' dir='ltr'>peqetretur</span> <span class='ocrx_word' id='word_1_30' title='bbox 769 986 815 1061; x_wconf 89' lang='lat' dir='ltr'>ab</span> <span class='ocrx_word' id='word_1_31' title='bbox 835 983 905 1059; x_wconf 89' lang='lat' dir='ltr'>illis</span> <span class='ocrx_word' id='word_1_32' title='bbox 925 987 962 1059; x_wconf 90' lang='lat' dir='ltr'>et</span> <span class='ocrx_word' id='word_1_33' title='bbox 981 985 1231 1082; x_wconf 69' lang='lat' dir='ltr'>pervadatur?</span> <span class='ocrx_word' id='word_1_34' title='bbox 1253 983 1349 1088; x_wconf 74' lang='lat' dir='ltr'>(orde</span> <span class='ocrx_word' id='word_1_35' title='bbox 1371 984 1430 1060; x_wconf 80' lang='lat'>17.</span> <span class='ocrx_word' id='word_1_36' title='bbox 1453 982 1531 1086; x_wconf 83' lang='lat'>56.)</span> 
     </span>
    </p>
   </div>
   <div class='ocr_carea' id='block_1_3' title="bbox 841 1256 1089 1308">
    <p class='ocr_par' dir='ltr' id='par_1_3' title="bbox 841 1256 1089 1308">
     <span class='ocr_line' id='line_1_7' title="bbox 841 1256 1089 1308; baseline 0 -2"><span class='ocrx_word' id='word_1_37' title='bbox 841 1256 959 1308; x_wconf 77' lang='lat' dir='ltr'>AltTlC.</span> <span class='ocrx_word' id='word_1_38' title='bbox 989 1257 1089 1307; x_wconf 73' lang='lat' dir='ltr'>LXIX.</span> 
     </span>
    </p>
   </div>
   <div class='ocr_carea' id='block_1_4' title="bbox 402 1479 1527 2584">
    <p class='ocr_par' dir='ltr' id='par_1_4' title="bbox 402 1479 1527 2584">
     <span class='ocr_line' id='line_1_8' title="bbox 457 1479 1526 1560; baseline 0.004 -4"><span class='ocrx_word' id='word_1_39' title='bbox 457 1482 614 1558; x_wconf 79' lang='lat' dir='ltr'>Frustra</span> <span class='ocrx_word' id='word_1_40' title='bbox 633 1479 852 1556; x_wconf 84' lang='lat' dir='ltr'>Aristoteles</span> <span class='ocrx_word' id='word_1_41' title='bbox 881 1482 1016 1557; x_wconf 90' lang='lat' dir='ltr'>horum</span> <span class='ocrx_word' id='word_1_42' title='bbox 1044 1480 1263 1556; x_wconf 77' lang='lat' dir='ltr'>circularem</span> <span class='ocrx_word' id='word_1_43' title='bbox 1291 1489 1436 1560; x_wconf 91' lang='lat' dir='ltr'>motum</span> <span class='ocrx_word' id='word_1_44' title='bbox 1458 1512 1526 1560; x_wconf 88' lang='lat' dir='ltr'>ve-</span> 
     </span>
     <span class='ocr_line' id='line_1_9' title="bbox 404 1603 1525 1711; baseline 0.003 -31"><span class='ocrx_word' id='word_1_45' title='bbox 404 1604 472 1681; x_wconf 91' lang='lat' dir='ltr'>luti</span> <span class='ocrx_word' id='word_1_46' title='bbox 491 1604 716 1707; x_wconf 81' lang='lat' dir='ltr'>geometrice</span> <span class='ocrx_word' id='word_1_47' title='bbox 744 1603 956 1706; x_wconf 83' lang='lat' dir='ltr'>regularem</span> <span class='ocrx_word' id='word_1_48' title='bbox 974 1605 1197 1707; x_wconf 86' lang='lat' dir='ltr'>persuadere</span> <span class='ocrx_word' id='word_1_49' title='bbox 1226 1605 1368 1683; x_wconf 87' lang='lat' dir='ltr'>nititur.</span> <span class='ocrx_word' id='word_1_50' title='bbox 1390 1608 1430 1683; x_wconf 88' lang='lat' dir='ltr'>Si</span> <span class='ocrx_word' id='word_1_51' title='bbox 1451 1608 1525 1711; x_wconf 91' lang='lat' dir='ltr'>igi-</span> 
     </span>
     <span class='ocr_line' id='line_1_10' title="bbox 404 1729 1527 1830; baseline 0.001 -22"><span class='ocrx_word' id='word_1_52' title='bbox 404 1735 466 1808; x_wconf 89' lang='lat' dir='ltr'>tur</span> <span class='ocrx_word' id='word_1_53' title='bbox 484 1729 597 1808; x_wconf 87' lang='lat' dir='ltr'>ullam</span> <span class='ocrx_word' id='word_1_54' title='bbox 618 1730 642 1804; x_wconf 93' lang='lat' dir='ltr'>ii</span> <span class='ocrx_word' id='word_1_55' title='bbox 661 1737 784 1805; x_wconf 90' lang='lat' dir='ltr'>motus</span> <span class='ocrx_word' id='word_1_56' title='bbox 804 1729 1088 1830; x_wconf 78' lang='lat' dir='ltr'>regularitatem</span> <span class='ocrx_word' id='word_1_57' title='bbox 1108 1730 1257 1822; x_wconf 74' lang='lat' dir='ltr'>liabent,</span> <span class='ocrx_word' id='word_1_58' title='bbox 1272 1757 1316 1806; x_wconf 89' lang='lat' dir='ltr'>ea</span> <span class='ocrx_word' id='word_1_59' title='bbox 1331 1736 1432 1809; x_wconf 87' lang='lat' dir='ltr'>eerte</span> <span class='ocrx_word' id='word_1_60' title='bbox 1451 1757 1527 1808; x_wconf 89' lang='lat' dir='ltr'>non</span> 
     </span>
     <span class='ocr_line' id='line_1_11' title="bbox 403 1856 1525 1960; baseline 0 -27"><span class='ocrx_word' id='word_1_61' title='bbox 403 1857 525 1933; x_wconf 86' lang='lat' dir='ltr'>estad</span> <span class='ocrx_word' id='word_1_62' title='bbox 545 1856 737 1948; x_wconf 80' lang='lat' dir='ltr'>circulum,</span> <span class='ocrx_word' id='word_1_63' title='bbox 757 1856 821 1931; x_wconf 90' lang='lat' dir='ltr'>sed</span> <span class='ocrx_word' id='word_1_64' title='bbox 841 1856 888 1931; x_wconf 89' lang='lat' dir='ltr'>ad</span> <span class='ocrx_word' id='word_1_65' title='bbox 908 1880 989 1931; x_wconf 91' lang='lat' dir='ltr'>eam</span> <span class='ocrx_word' id='word_1_66' title='bbox 1001 1880 1134 1931; x_wconf 88' lang='lat' dir='ltr'>oausae</span> <span class='ocrx_word' id='word_1_67' title='bbox 1154 1856 1349 1950; x_wconf 80' lang='lat' dir='ltr'>rationem,</span> <span class='ocrx_word' id='word_1_68' title='bbox 1371 1862 1525 1960; x_wconf 82' lang='lat' dir='ltr'>propter</span> 
     </span>
     <span class='ocr_line' id='line_1_12' title="bbox 404 1982 1525 2085; baseline 0.003 -27"><span class='ocrx_word' id='word_1_69' title='bbox 404 2007 515 2085; x_wconf 91' lang='lat' dir='ltr'>quam</span> <span class='ocrx_word' id='word_1_70' title='bbox 534 1985 743 2059; x_wconf 88' lang='lat' dir='ltr'>moventur.</span> <span class='ocrx_word' id='word_1_71' title='bbox 767 1983 896 2082; x_wconf 88' lang='lat' dir='ltr'>Neque</span> <span class='ocrx_word' id='word_1_72' title='bbox 924 1984 1016 2056; x_wconf 88' lang='lat' dir='ltr'>bene</span> <span class='ocrx_word' id='word_1_73' title='bbox 1044 1982 1264 2058; x_wconf 79' lang='lat' dir='ltr'>Aristoteles</span> <span class='ocrx_word' id='word_1_74' title='bbox 1293 1984 1338 2057; x_wconf 89' lang='lat' dir='ltr'>ad</span> <span class='ocrx_word' id='word_1_75' title='bbox 1368 1984 1525 2085; x_wconf 77' lang='lat' dir='ltr'>simplex</span> 
     </span>
     <span class='ocr_line' id='line_1_13' title="bbox 402 2107 1521 2210; baseline 0.002 -28"><span class='ocrx_word' id='word_1_76' title='bbox 402 2107 550 2210; x_wconf 84' lang='lat' dir='ltr'>aliquod</span> <span class='ocrx_word' id='word_1_77' title='bbox 578 2108 800 2210; x_wconf 80' lang='lat' dir='ltr'>principium</span> <span class='ocrx_word' id='word_1_78' title='bbox 818 2112 855 2183; x_wconf 86' lang='lat' dir='ltr'>et</span> <span class='ocrx_word' id='word_1_79' title='bbox 874 2107 1112 2200; x_wconf 89' lang='lat' dir='ltr'>elementum,</span> <span class='ocrx_word' id='word_1_80' title='bbox 1140 2114 1263 2185; x_wconf 86' lang='lat' dir='ltr'>motus</span> <span class='ocrx_word' id='word_1_81' title='bbox 1293 2108 1521 2186; x_wconf 86' lang='lat' dir='ltr'>differentias</span> 
     </span>
     <span class='ocr_line' id='line_1_14' title="bbox 403 2234 1525 2338; baseline 0.001 -28"><span class='ocrx_word' id='word_1_82' title='bbox 403 2235 528 2328; x_wconf 85' lang='lat' dir='ltr'>refert,</span> <span class='ocrx_word' id='word_1_83' title='bbox 549 2260 642 2337; x_wconf 91' lang='lat' dir='ltr'>quae</span> <span class='ocrx_word' id='word_1_84' title='bbox 661 2235 708 2310; x_wconf 89' lang='lat' dir='ltr'>ad</span> <span class='ocrx_word' id='word_1_85' title='bbox 727 2236 807 2336; x_wconf 88' lang='lat' dir='ltr'>ipsa</span> <span class='ocrx_word' id='word_1_86' title='bbox 831 2234 990 2336; x_wconf 75' lang='lat' dir='ltr'>integra,</span> <span class='ocrx_word' id='word_1_87' title='bbox 1011 2259 1058 2309; x_wconf 80' lang='lat' dir='ltr'>ex</span> <span class='ocrx_word' id='word_1_88' title='bbox 1078 2235 1337 2338; x_wconf 87' lang='lat' dir='ltr'>heterogeneis</span> <span class='ocrx_word' id='word_1_89' title='bbox 1355 2236 1525 2336; x_wconf 86' lang='lat' dir='ltr'>partibus</span> 
     </span>
     <span class='ocr_line' id='line_1_15' title="bbox 403 2355 1525 2449; baseline 0 -17"><span class='ocrx_word' id='word_1_90' title='bbox 403 2356 623 2449; x_wconf 78' lang='lat' dir='ltr'>constantia,</span> <span class='ocrx_word' id='word_1_91' title='bbox 640 2355 815 2432; x_wconf 88' lang='lat' dir='ltr'>animalia</span> <span class='ocrx_word' id='word_1_92' title='bbox 843 2355 1057 2431; x_wconf 88' lang='lat' dir='ltr'>referendae</span> <span class='ocrx_word' id='word_1_93' title='bbox 1075 2363 1194 2448; x_wconf 87' lang='lat' dir='ltr'>erant,</span> <span class='ocrx_word' id='word_1_94' title='bbox 1215 2360 1317 2433; x_wconf 86' lang='lat' dir='ltr'>astra</span> <span class='ocrx_word' id='word_1_95' title='bbox 1335 2355 1525 2433; x_wconf 87' lang='lat' dir='ltr'>videlieet:</span> 
     </span>
     <span class='ocr_line' id='line_1_16' title="bbox 404 2483 1525 2584; baseline 0.002 -27"><span class='ocrx_word' id='word_1_96' title='bbox 404 2506 562 2584; x_wconf 88' lang='lat' dir='ltr'>quorum</span> <span class='ocrx_word' id='word_1_97' title='bbox 590 2483 800 2559; x_wconf 89' lang='lat' dir='ltr'>substantia</span> <span class='ocrx_word' id='word_1_98' title='bbox 827 2507 874 2558; x_wconf 85' lang='lat' dir='ltr'>ex</span> <span class='ocrx_word' id='word_1_99' title='bbox 903 2484 1065 2583; x_wconf 90' lang='lat' dir='ltr'>quatuor</span> <span class='ocrx_word' id='word_1_100' title='bbox 1093 2483 1286 2561; x_wconf 86' lang='lat' dir='ltr'>elementis</span> <span class='ocrx_word' id='word_1_101' title='bbox 1315 2485 1525 2560; x_wconf 79' lang='lat' dir='ltr'>necessario</span> 
     </span>
    </p>
   </div>
   <div class='ocr_carea' id='block_1_5' title="bbox 403 2605 894 2711">
    <p class='ocr_par' dir='ltr' id='par_1_5' title="bbox 403 2605 894 2711">
     <span class='ocr_line' id='line_1_17' title="bbox 403 2605 894 2711; baseline -0.002 -28"><span class='ocrx_word' id='word_1_102' title='bbox 403 2607 597 2684; x_wconf 87' lang='lat' dir='ltr'>conflatur.</span> <span class='ocrx_word' id='word_1_103' title='bbox 617 2607 713 2711; x_wconf 79' lang='lat' dir='ltr'>(eide</span> <span class='ocrx_word' id='word_1_104' title='bbox 731 2608 794 2684; x_wconf 71' lang='lat' dir='ltr'>dl.</span> <span class='ocrx_word' id='word_1_105' title='bbox 814 2605 894 2709; x_wconf 76' lang='lat'><strong>42.)</strong></span> 
     </span>
    </p>
   </div>
   <div class='ocr_carea' id='block_1_6' title="bbox 846 2885 1073 2938">
    <p class='ocr_par' dir='ltr' id='par_1_6' title="bbox 846 2885 1073 2938">
     <span class='ocr_line' id='line_1_18' title="bbox 846 2885 1073 2938; baseline 0.004 -2"><span class='ocrx_word' id='word_1_106' title='bbox 846 2885 965 2938; x_wconf 79' lang='lat' dir='ltr'><strong>ARTIC·</strong></span> <span class='ocrx_word' id='word_1_107' title='bbox 985 2887 1073 2937; x_wconf 81' lang='lat' dir='ltr'>Lxx.</span> 
     </span>
    </p>
   </div>
   <div class='ocr_carea' id='block_1_7' title="bbox 400 3108 1526 4340">
    <p class='ocr_par' dir='ltr' id='par_1_7' title="bbox 400 3108 1526 4340">
     <span class='ocr_line' id='line_1_19' title="bbox 456 3108 1525 3214; baseline 0.002 -27"><span class='ocrx_word' id='word_1_108' title='bbox 456 3112 554 3187; x_wconf 83' lang='lat' dir='ltr'>Hine</span> <span class='ocrx_word' id='word_1_109' title='bbox 574 3112 619 3185; x_wconf 84' lang='lat' dir='ltr'>ab</span> <span class='ocrx_word' id='word_1_110' title='bbox 639 3108 738 3185; x_wconf 91' lang='lat' dir='ltr'>omni</span> <span class='ocrx_word' id='word_1_111' title='bbox 759 3109 903 3186; x_wconf 90' lang='lat' dir='ltr'>ratione</span> <span class='ocrx_word' id='word_1_112' title='bbox 922 3117 1034 3214; x_wconf 85' lang='lat' dir='ltr'>atque</span> <span class='ocrx_word' id='word_1_113' title='bbox 1053 3135 1165 3187; x_wconf 88' lang='lat' dir='ltr'>sensu</span> <span class='ocrx_word' id='word_1_114' title='bbox 1193 3109 1358 3186; x_wconf 91' lang='lat' dir='ltr'>alienum</span> <span class='ocrx_word' id='word_1_115' title='bbox 1377 3117 1525 3190; x_wconf 84' lang='lat' dir='ltr'>constat</span> 
     </span>
     <span class='ocr_line' id='line_1_20' title="bbox 402 3234 1524 3338; baseline -0.002 -25"><span class='ocrx_word' id='word_1_116' title='bbox 402 3237 500 3338; x_wconf 89' lang='lat' dir='ltr'>quod</span> <span class='ocrx_word' id='word_1_117' title='bbox 528 3260 624 3338; x_wconf 88' lang='lat' dir='ltr'>aqua</span> <span class='ocrx_word' id='word_1_118' title='bbox 643 3235 743 3311; x_wconf 84' lang='lat' dir='ltr'>eirea</span> <span class='ocrx_word' id='word_1_119' title='bbox 760 3239 912 3327; x_wconf 88' lang='lat' dir='ltr'>terram,</span> <span class='ocrx_word' id='word_1_120' title='bbox 933 3244 997 3311; x_wconf 74' lang='lat' dir='ltr'>aer</span> <span class='ocrx_word' id='word_1_121' title='bbox 1025 3237 1124 3312; x_wconf 87' lang='lat' dir='ltr'>eirea</span> <span class='ocrx_word' id='word_1_122' title='bbox 1143 3258 1289 3334; x_wconf 91' lang='lat' dir='ltr'>aquam,</span> <span class='ocrx_word' id='word_1_123' title='bbox 1305 3234 1404 3336; x_wconf 91' lang='lat' dir='ltr'>ignis</span> <span class='ocrx_word' id='word_1_124' title='bbox 1425 3237 1524 3312; x_wconf 89' lang='lat' dir='ltr'>eirea</span> 
     </span>
     <span class='ocr_line' id='line_1_21' title="bbox 402 3357 1524 3463; baseline 0.001 -27"><span class='ocrx_word' id='word_1_125' title='bbox 402 3369 526 3438; x_wconf 86' lang='lat' dir='ltr'>a&#39;e&#39;rem</span> <span class='ocrx_word' id='word_1_126' title='bbox 546 3361 712 3460; x_wconf 85' lang='lat' dir='ltr'>lingitur,</span> <span class='ocrx_word' id='word_1_127' title='bbox 727 3359 790 3434; x_wconf 90' lang='lat' dir='ltr'>ubi</span> <span class='ocrx_word' id='word_1_128' title='bbox 809 3359 978 3436; x_wconf 91' lang='lat' dir='ltr'>inunum</span> <span class='ocrx_word' id='word_1_129' title='bbox 997 3387 1132 3462; x_wconf 86' lang='lat' dir='ltr'>eorpus</span> <span class='ocrx_word' id='word_1_130' title='bbox 1151 3364 1188 3433; x_wconf 92' lang='lat' dir='ltr'>et</span> <span class='ocrx_word' id='word_1_131' title='bbox 1208 3357 1356 3435; x_wconf 89' lang='lat' dir='ltr'>unioam</span> <span class='ocrx_word' id='word_1_132' title='bbox 1385 3363 1524 3463; x_wconf 86' lang='lat' dir='ltr'>sphae-</span> 
     </span>
     <span class='ocr_line' id='line_1_22' title="bbox 402 3484 1526 3588; baseline 0 -26"><span class='ocrx_word' id='word_1_133' title='bbox 402 3487 516 3564; x_wconf 89' lang='lat' dir='ltr'>rieam</span> <span class='ocrx_word' id='word_1_134' title='bbox 540 3485 772 3588; x_wconf 85' lang='lat' dir='ltr'>superficiem</span> <span class='ocrx_word' id='word_1_135' title='bbox 788 3485 860 3559; x_wconf 88' lang='lat' dir='ltr'>ista</span> <span class='ocrx_word' id='word_1_136' title='bbox 870 3494 1097 3561; x_wconf 79' lang='lat' dir='ltr'>concurrunt</span> <span class='ocrx_word' id='word_1_137' title='bbox 1116 3484 1252 3561; x_wconf 89' lang='lat' dir='ltr'>omnia.</span> <span class='ocrx_word' id='word_1_138' title='bbox 1268 3484 1364 3587; x_wconf 77' lang='lat' dir='ltr'>(ride</span> <span class='ocrx_word' id='word_1_139' title='bbox 1379 3485 1526 3588; x_wconf 69' lang='lat'>3031.)</span> 
     </span>
     <span class='ocr_line' id='line_1_23' title="bbox 401 3611 1525 3715; baseline 0 -26"><span class='ocrx_word' id='word_1_140' title='bbox 401 3615 480 3691; x_wconf 83' lang='lat' dir='ltr'>Aut</span> <span class='ocrx_word' id='word_1_141' title='bbox 498 3612 613 3715; x_wconf 91' lang='lat' dir='ltr'>igitur</span> <span class='ocrx_word' id='word_1_142' title='bbox 630 3634 705 3687; x_wconf 91' lang='lat' dir='ltr'>non</span> <span class='ocrx_word' id='word_1_143' title='bbox 720 3611 840 3712; x_wconf 90' lang='lat' dir='ltr'>magis</span> <span class='ocrx_word' id='word_1_144' title='bbox 868 3611 990 3688; x_wconf 83' lang='lat' dir='ltr'>dicere</span> <span class='ocrx_word' id='word_1_145' title='bbox 1018 3635 1217 3713; x_wconf 87' lang='lat' dir='ltr'>possumus</span> <span class='ocrx_word' id='word_1_146' title='bbox 1246 3636 1381 3712; x_wconf 93' lang='lat' dir='ltr'>aquam</span> <span class='ocrx_word' id='word_1_147' title='bbox 1411 3639 1525 3715; x_wconf 87' lang='lat' dir='ltr'>supra</span> 
     </span>
     <span class='ocr_line' id='line_1_24' title="bbox 401 3737 1521 3840; baseline -0.002 -24"><span class='ocrx_word' id='word_1_148' title='bbox 401 3745 553 3827; x_wconf 84' lang='lat' dir='ltr'>terram,</span> <span class='ocrx_word' id='word_1_149' title='bbox 573 3762 685 3840; x_wconf 90' lang='lat' dir='ltr'>quam</span> <span class='ocrx_word' id='word_1_150' title='bbox 700 3741 840 3813; x_wconf 86' lang='lat' dir='ltr'>terram</span> <span class='ocrx_word' id='word_1_151' title='bbox 859 3762 970 3839; x_wconf 82' lang='lat' dir='ltr'>super</span> <span class='ocrx_word' id='word_1_152' title='bbox 989 3762 1136 3837; x_wconf 86' lang='lat' dir='ltr'>aquam:</span> <span class='ocrx_word' id='word_1_153' title='bbox 1152 3742 1228 3827; x_wconf 88' lang='lat' dir='ltr'>aut,</span> <span class='ocrx_word' id='word_1_154' title='bbox 1251 3737 1282 3812; x_wconf 92' lang='lat' dir='ltr'>si</span> <span class='ocrx_word' id='word_1_155' title='bbox 1302 3762 1521 3840; x_wconf 80' lang='lat' dir='ltr'>comparare</span> 
     </span>
     <span class='ocr_line' id='line_1_25' title="bbox 401 3846 1523 3967; baseline -0.002 -26"><span class='ocrx_word' id='word_1_156' title='bbox 401 3866 499 3959; x_wconf 88' lang='lat' dir='ltr'>licet,</span> <span class='ocrx_word' id='word_1_157' title='bbox 519 3864 754 3943; x_wconf 86' lang='lat' dir='ltr'>verissimam</span> <span class='ocrx_word' id='word_1_158' title='bbox 765 3861 933 3939; x_wconf 87' lang='lat' dir='ltr'>Thaletis</span> <span class='ocrx_word' id='word_1_159' title='bbox 952 3846 1176 3939; x_wconf 85' lang='lat' dir='ltr'>sententiam</span> <span class='ocrx_word' id='word_1_160' title='bbox 1190 3867 1227 3938; x_wconf 91' lang='lat' dir='ltr'>et</span> <span class='ocrx_word' id='word_1_161' title='bbox 1246 3863 1523 3967; x_wconf 82' lang='lat' dir='ltr'>Tlreologorum</span> 
     </span>
     <span class='ocr_line' id='line_1_26' title="bbox 401 3987 1521 4091; baseline -0.002 -23"><span class='ocrx_word' id='word_1_162' title='bbox 401 3992 675 4083; x_wconf 83' lang='lat' dir='ltr'>confirmemus,</span> <span class='ocrx_word' id='word_1_163' title='bbox 711 3988 774 4090; x_wconf 93' lang='lat' dir='ltr'>qui</span> <span class='ocrx_word' id='word_1_164' title='bbox 800 4001 942 4065; x_wconf 86' lang='lat' dir='ltr'>terram</span> <span class='ocrx_word' id='word_1_165' title='bbox 969 3987 1161 4066; x_wconf 84' lang='lat' dir='ltr'>fundatam</span> <span class='ocrx_word' id='word_1_166' title='bbox 1190 4012 1302 4090; x_wconf 87' lang='lat' dir='ltr'>super</span> <span class='ocrx_word' id='word_1_167' title='bbox 1330 4015 1446 4091; x_wconf 90' lang='lat' dir='ltr'>aquas</span> <span class='ocrx_word' id='word_1_168' title='bbox 1475 3992 1521 4066; x_wconf 86' lang='lat' dir='ltr'>ab</span> 
     </span>
     <span class='ocr_line' id='line_1_27' title="bbox 401 4111 1524 4219; baseline 0.001 -30"><span class='ocrx_word' id='word_1_169' title='bbox 401 4115 504 4193; x_wconf 87' lang='lat' dir='ltr'>initio</span> <span class='ocrx_word' id='word_1_170' title='bbox 519 4116 782 4219; x_wconf 77' lang='lat' dir='ltr'>praedicarunt</span> <span class='ocrx_word' id='word_1_171' title='bbox 800 4111 896 4216; x_wconf 71' lang='lat' dir='ltr'>(ville</span> <span class='ocrx_word' id='word_1_172' title='bbox 915 4111 994 4217; x_wconf 81' lang='lat'>78);</span> <span class='ocrx_word' id='word_1_173' title='bbox 1015 4137 1175 4216; x_wconf 90' lang='lat' dir='ltr'>aqueum</span> <span class='ocrx_word' id='word_1_174' title='bbox 1186 4113 1285 4190; x_wconf 91' lang='lat' dir='ltr'>enim</span> <span class='ocrx_word' id='word_1_175' title='bbox 1305 4117 1363 4189; x_wconf 87' lang='lat' dir='ltr'>est</span> <span class='ocrx_word' id='word_1_176' title='bbox 1381 4114 1524 4215; x_wconf 88' lang='lat' dir='ltr'>spissis-</span> 
     </span>
     <span class='ocr_line' id='line_1_28' title="bbox 400 4238 1521 4340; baseline -0.003 -24"><span class='ocrx_word' id='word_1_177' title='bbox 400 4239 549 4336; x_wconf 88' lang='lat' dir='ltr'>simum,</span> <span class='ocrx_word' id='word_1_178' title='bbox 568 4238 887 4318; x_wconf 86' lang='lat' dir='ltr'>eoneretissimum</span> <span class='ocrx_word' id='word_1_179' title='bbox 905 4243 944 4315; x_wconf 81' lang='lat' dir='ltr'>et</span> <span class='ocrx_word' id='word_1_180' title='bbox 962 4242 1230 4340; x_wconf 80' lang='lat' dir='ltr'>consequenter</span> <span class='ocrx_word' id='word_1_181' title='bbox 1243 4238 1521 4339; x_wconf 87' lang='lat' dir='ltr'>gravissimum.</span> 
     </span>
    </p>
   </div>
   <div class='ocr_carea' id='block_1_8' title="bbox 0 0 1726 5108">
    <p class='ocr_par' dir='ltr' id='par_1_8' title="bbox 0 0 1726 5108">
     <span class='ocr_line' id='line_1_29' title="bbox 0 0 1726 5108; baseline 0 1"><span class='ocrx_word' id='word_1_182' title='bbox 0 0 1726 5108; x_wconf 95' lang='lat' dir='ltr'> </span> 
     </span>
    </p>
   </div>
  </div>
 </body>
</html>
