3442 5108
756 334 935 396 -214-

723 629 864 696 CAPUT
894 632 951 696 IV.

305 843 378 887 sensu
386 858 428 888 non
439 846 509 889 minus
520 847 623 902 probatur
630 846 743 900 inlinitum,
754 859 819 902 qnam
828 847 939 903 sophistae
946 855 1022 903 putent
1031 849 1115 892 unitum
1126 863 1175 893 esse
1185 848 1333 893 manifestum.
1343 848 1374 890 L't

358 949 440 993 eorpus
450 950 544 993 opacum
555 951 659 993 magnum
670 939 727 981 unes
736 939 779 981 duo
789 950 860 994 parra
869 937 949 991 meida,
959 952 986 981 ac
997 940 1014 982 si
1024 940 1053 982 sit
1064 941 1116 983 nihil
1125 940 1290 991 inter-medians,
1301 939 1377 994 dispe·

357 1034 413 1069 reat.
433 1028 464 1070 Ul
482 1028 556 1070 mnndi
572 1035 596 1071 et
613 1029 742 1072 mundorum
757 1029 836 1084 synodi
854 1036 879 1071 ut
893 1030 914 1071 in
929 1037 1034 1082 parietum
1053 1021 1160 1076 distantia
1170 1031 1202 1086 (1)
1221 1037 1341 1073 tenuentur
1350 1036 1374 1073 et

356 1113 440 1155 abeant
451 1113 481 1169 (2)
492 1113 513 1154 in
523 1113 620 1156 nihilum.

372 1279 445 1346 Non
470 1279 555 1345 tollit
577 1300 698 1354 sensns,
724 1300 787 1345 non
812 1283 928 1347 astruit
951 1282 1131 1347 insinuandi

322 1406 480 1475 ludicium
505 1409 659 1488 immensi,
683 1407 836 1492 siquidem
860 1431 961 1493 neque
984 1411 1136 1476 convenit
1158 1409 1229 1474 olli:

320 1534 425 1600 Stulto
449 1537 564 1602 etenim
588 1541 711 1602 tanatum
736 1536 795 1625 (3),
821 1558 933 1603 verum
956 1537 1158 1621 reputabitur
1180 1557 1250 1602 esse

319 1665 469 1732 Sensibus
493 1688 689 1752 expressum,
715 1669 810 1735 turba
834 1671 1015 1753 importuna
1038 1667 1209 1753 sophistae.

319 1799 370 1864 An
395 1820 457 1864 non
481 1800 629 1884 quidquid
655 1800 743 1866 adest
769 1801 868 1865 oculis
892 1799 1098 1884 comprensile
1122 1818 1245 1883 semper

320 1937 470 2017 Admittit
492 1938 649 2022 reliquum
673 1937 807 2004 ulterius
831 1957 892 2021 quo
916 1937 1128 2009 contineatur,

319 2069 423 2152 Teque
447 2069 487 2134 ad
511 2067 703 2132 consimilem
727 2068 860 2131 formam
886 2064 1029 2151 perducit
1052 2063 1200 2129 euntem?

321 2194 363 2260 Ut
388 2214 484 2258 sensu
508 2213 630 2277 quoque
654 2198 734 2259 teste
760 2199 813 2258 tuo
837 2195 904 2257 sine
929 2193 989 2257 fine
1013 2212 1182 2277 procursus

318 2330 487 2394 Materiam
512 2330 640 2396 tribuat.

319 2458 443 2543 Aspicis
468 2465 503 2523 ut
528 2460 609 2523 turri
631 2480 672 2523 ex
696 2459 762 2524 alta
785 2464 973 2545 conspectus
997 2462 1130 2526 horizon

318 2590 506 2655 Convexum
531 2591 625 2673 plano
649 2593 695 2655 sic
718 2593 905 2656 continuare
930 2570 1067 2668 videtur,

317 2724 364 2787 ric
387 2723 414 2785 si
439 2742 502 2785 non
527 2721 620 2787 liceat
644 2742 737 2786 cursu
763 2723 948 2787 contendier
970 2723 1065 2795 ultra,

318 2850 359 2915 Et
382 2855 500 2914 natura
523 2870 638 2934 parens
661 2848 719 2912 sibi
746 2851 870 2914 moenia
895 2848 1003 2914 fixerit
1026 2850 1109 2914 illic:

315 2978 360 3043 nt
383 2975 476 3040 modo
500 2996 571 3042 cum
596 2976 691 3040 liceat
714 2976 785 3041 loca
808 2977 961 3060 marginis
985 2976 1198 3061 adproperare

313 3106 470 3174 Continuo
494 3109 539 3171 sic
563 3110 776 3191 praesentem.
801 3105 1024 3191 absentemque
1045 3107 1178 3183 videbis,

310 3236 352 3300 Et
375 3242 496 3321 pariter
520 3235 629 3320 procul
653 3256 691 3301 ac
716 3238 863 3321 proprius
887 3257 956 3301 sese
981 3240 1150 3302 insinuare.

312 3365 457 3450 Undique
480 3369 562 3431 enim
587 3368 680 3432 simili
705 3387 762 3452 pro
785 3376 872 3435 sorte
897 3369 1060 3452 aberitque
1084 3369 1258 3453 aderitque,

311 3498 383 3563 Non
407 3518 498 3562 secus
522 3518 590 3562 esse
613 3504 714 3582 putee,
739 3498 866 3582 quando
891 3500 996 3563 omnia
1020 3520 1131 3583 margo
1156 3519 1303 3576 recurva,
1328 3504 1360 3565 et

313 3616 474 3682 Stelliiera
497 3621 637 3685 cavitate
659 3639 769 3683 means
792 3621 979 3704 perstringit
1003 3619 1171 3703 Olympus,

312 3747 481 3831 Apparens
505 3750 598 3813 varia
621 3749 719 3834 longe
743 3751 866 3815 virtute
889 3753 1072 3828 micantum,

309 3879 448 3944 Arctans
471 3879 615 3966 subjecta
638 3880 719 3946 haec
742 3881 893 3947 fatalibus
917 3884 1024 3948 omnia
1049 3884 1172 3951 vinclis.

308 4013 350 4077 Et
373 4011 430 4078 tibi
454 4014 482 4078 si
505 4018 633 4098 praesto
657 4021 707 4080 est
729 4035 846 4081 currus
868 4018 1013 4091 rationis,
1039 4016 1126 4083 adito

291 4227 322 4282 (ll
336 4226 353 4269 ll
362 4233 421 4270 testo
430 4227 470 4271 ha:
482 4230 584 4272 dblolr'u.

293 4318 324 4373 (2)
339 4316 356 4359 ll
366 4324 422 4362 testo
432 4319 471 4361 ha:
484 4321 525 4364 abe
535 4334 574 4366 aa.

293 4414 323 4471 (3)
337 4413 354 4456 ll
363 4419 420 4458 leste
429 4427 472 4459 nen
481 4424 550 4462 mette
558 4419 742 4477 questasirgols,
752 4422 795 4467 ehe
805 4424 834 4466 mi
842 4434 896 4479 pare
905 4429 1029 4480 opportuna
1038 4436 1053 4469 a
1062 4425 1157 4470 chinrire
1167 4427 1181 4470 il
1189 4440 1262 4471 senno.
