3442 5108
940 335 1082 395 ..g-

450 553 522 627 que
540 524 680 626 clypeis
700 522 893 600 horribilia
911 524 1017 599 lovis
1037 523 1186 624 fulgura
1206 525 1486 611 contemneret,
1506 525 1580 599 ob-

451 651 654 743 truncarit,
675 654 713 726 et
731 650 848 752 ipsius
867 649 1002 751 pellem
1021 649 1161 752 pectori
1181 675 1248 724 suo
1268 654 1464 750 gestamen
1484 649 1579 724 ada·

450 777 584 880 ptavit‚
604 776 744 878 partim
762 775 808 850 ad
827 774 1076 877 propulsando
1094 774 1279 876 periculo,
1299 775 1437 876 partim
1465 775 1580 851 etiam

450 907 492 979 ut
510 901 716 1003 gloriosum
735 925 860 977 rerum
880 905 1074 1002 gestarum
1093 905 1390 976 monumentum.
1410 899 1574 975 Manife-

449 1028 566 1104 stovit
584 1029 677 1104 haee
694 1028 733 1103 in
752 1053 796 1104 eo
815 1027 912 1103 bello
932 1027 1130 1127 gigantum
1148 1026 1227 1130 (qui
1249 1053 1360 1129 super
1374 1027 1576 1104 altissimos

449 1163 593 1231 montes
613 1155 901 1231 conscendentes
920 1153 1012 1229 adeo
1031 1153 1196 1254 ingentia
1221 1179 1313 1230 saxa
1341 1154 1516 1231 dicuntur
1535 1155 1574 1231 in

450 1279 549 1356 Deos
554 1279 724 1382 jaculati,
735 1284 776 1355 ut
787 1286 833 1355 ex
849 1279 1007 1380 iisquoe
1021 1279 1059 1354 in
1076 1304 1177 1354 mare
1192 1279 1419 1366 deoiderant‚
1429 1279 1575 1357 insulae

451 1405 654 1507 productae
673 1401 964 1506 habeantur)(l)
983 1407 1294 1505 quemadmodum
1310 1407 1431 1483 omnis
1446 1408 1580 1484 huma·

453 1554 501 1610 na
519 1529 576 1604 vis
595 1529 899 1634 (tprantaounque
918 1530 965 1604 sit
984 1527 1071 1632 illa)
1091 1532 1270 1608 adversus
1289 1533 1357 1608 Dei
1378 1535 1577 1610 veritatem

452 1656 663 1759 insurgens.
684 1656 875 1732 temeritas
891 1655 992 1741 item,
1008 1658 1236 1758 arrogantia,
1252 1664 1363 1759 atque
1378 1684 1578 1759 praesum-

452 1783 586 1878 ptuosa
600 1779 761 1855 tiliorum
776 1785 898 1854 terrae
913 1778 1137 1878 ignorantia.
1153 1806 1253 1856 uana
1267 1780 1326 1856 sit.
1343 1781 1401 1855 Ex
1417 1781 1461 1856 iis
1477 1783 1578 1857 enim

453 1901 633 2003 plurimos
652 1904 862 1979 Minervam
882 1903 983 1980 nullo
999 1929 1112 2004 prope
1127 1904 1282 2005 nogooio
1297 1904 1517 1998 trucidasse,
1528 1905 1581 1982 fa·

453 2054 514 2105 mo
526 2031 651 2105 estllt
661 2029 746 2131 quia
761 2030 922 2104 maxime
932 2029 1098 2105 omnium
1108 2030 1146 2104 in
1156 2029 1261 2105 bellis
1273 2030 1445 2131 gerendis
1458 2032 1581 2107 omnis

453 2155 627 2232 solertiae
651 2160 771 2231 mater
790 2155 1000 2230 necessaria
1019 2159 1075 2229 est
1093 2155 1287 2255 sapientia.
1303 2157 1381 2230 sive
1396 2157 1580 2233 adversus

452 2282 630 2360 risibiles.
650 2282 729 2356 sive
743 2282 923 2357 aduersus
939 2280 1144 2356 invisibiles
1160 2282 1286 2357 hostes
1297 2282 1359 2357 illa
1371 2283 1581 2384 capiantur,

452 2409 534 2484 ideo
549 2407 833 2508 belligerantem
844 2431 983 2482 ruunen
999 2406 1170 2481 babetur.
1182 2406 1338 2482 Soutum
1348 2407 1583 2485 elaratrans·

453 2531 633 2634 parentia.
650 2537 685 2607 et
707 2531 832 2607 nurltis
852 2531 1036 2632 aliquibus
1062 2532 1345 2608 eireumteetum
1365 2532 1418 2607 illi
1442 2534 1581 2610 tribui-

454 2663 527 2749 tur,
536 2681 579 2732 ea
590 2656 688 2732 euim
700 2672 834 2731 natura
845 2662 1058 2756 serpentum
1069 2660 1126 2730 est
1137 2677 1177 2732 ut
1188 2657 1401 2732 acutissime
1412 2660 1581 2734 cernant:

454 2785 500 2859 ob
520 2783 556 2858 id
576 2783 674 2859 enim
690 2783 884 2857 hortamur
899 2806 979 2855 esse
994 2781 1195 2882 prudentes
1215 2786 1254 2857 ut
1274 2788 1463 2885 serpentes
1477 2781 1584 2885 (quia

454 2912 615 2985 testante
629 2908 734 2983 blase
751 2906 820 2982 boo
835 2906 971 2981 animal
987 2910 1039 2980 est
1057 2906 1226 2982 callidius
1244 2909 1389 2983 eunetis
1404 2914 1529 2984 terrae
1547 2932 1584 2982 a·

453 3029 713 3134 nimantibus).
725 3056 810 3107 nani
827 3031 897 3105 nisi
917 3030 1132 3130 vigilantiae
1147 3050 1183 3106 et
1200 3032 1455 3132 praevidentiae
1471 3033 1583 3107 rebus

456 3157 515 3233 vel
534 3158 644 3258 longo
659 3157 925 3259 prospiciendis
940 3181 1096 3232 aemuen
1108 3158 1314 3257 praesidem
1329 3159 1484 3235 militiae
1504 3183 1584 3235 oor·

456 3285 642 3361 roborarit
669 3290 704 3360 et
735 3285 923 3359 errauerit
941 3340 950 3362 .
971 3283 1146 3383 quidnam
1166 3285 1463 3361 existimabimus
1491 3282 1583 3360 reli-

457 3433 571 3512 quum
591 3435 672 3485 esso
691 3410 864 3510 praesidii
884 3414 1014 3483 eontra
1034 3415 1089 3483 tot
1103 3416 1301 3512 tantasque
1321 3410 1509 3512 myriades
1525 3432 1585 3485 eo·

457 3559 554 3625 rum,
566 3535 626 3635 qui
638 3560 705 3611 nos
716 3535 970 3612 eireumstant.
982 3540 1019 3608 et.
1029 3534 1134 3609 uobis
1150 3537 1383 3628 insidiantur,
1394 3534 1584 3611 hostium?

459 3661 551 3762 Ejus
571 3678 731 3740 scutum.
760 3661 856 3762 ‹prod
885 3684 974 3761 prae
994 3685 1034 3734 se
1054 3661 1178 3739 ferret.
1195 3661 1442 3737 clarissimum
1461 3667 1498 3737 et
1518 3662 1586 3737 ori·

461 3788 650 3864 stallinum
669 3788 826 3890 (nerupe
846 3785 1101 3887 diapluumm)
1120 3784 1322 3889 ellingitur.
1342 3788 1429 3890 quia
1448 3787 1511 3863 ubi
1530 3799 1589 3864 sass

460 3915 593 4017 pienlis
623 3914 761 3990 veritas
791 3933 829 3990 et
857 3913 976 3987 nuruis
1006 3912 1105 3987 ritae
1126 3915 1221 3990 ratio
1241 3916 1442 4017 eonspioua
1461 3913 1587 4007 fuerit,

461 4040 723 4120 certissimum.
735 4050 846 4143 :itque
862 4038 1067 4116 maximum
1087 4039 1272 4117 aduersus
1292 4043 1463 4119 fortunae
1476 4040 1590 4141 impe·

502 4319 546 4400 (1)
561 4318 586 4379 Il
600 4320 676 4377 tosto
691 4314 911 4374 babolenum.
