3442 5108
884 290 1061 353 -264-

422 489 459 548 ad
473 489 501 548 A
516 499 658 560 nusquam
673 481 703 540 in
718 481 825 538 natura
839 477 951 548 datum,
964 491 1057 550 neque
1079 470 1141 531 dari
1157 487 1251 548 posse,
1276 487 1370 546 neque
1383 467 1475 538 recte,
1497 481 1548 525 seu

422 601 635 664 diametraliter
653 601 765 658 motum
780 596 818 654 ab
833 596 859 654 A
874 595 903 653 in
918 594 952 667 B,
968 598 997 652 et
1011 610 1029 650 a
1043 592 1067 649 B
1083 591 1113 648 in
1136 591 1163 650 A
1178 607 1242 649 esse
1256 606 1295 647 ex
1316 585 1474 646 dictamine
1495 600 1550 642 na-

420 733 515 788 turae.

461 842 587 903 Proinde
612 839 741 918 partium
758 836 947 909 naturalium,
962 853 1036 911 quaa
1051 831 1164 894 suntin
1179 829 1361 906 etarogeneis
1376 825 1504 885 Telluris
1519 828 1550 882 et

419 957 544 1017 aliorum
563 961 712 1016 astrorum
726 953 873 1024 membris,
882 951 1092 1028 qualiscunque
1106 951 1287 1026 supponatur
1297 945 1346 1005 vel
1357 947 1484 1022 ponatur
1497 941 1548 999 ille

419 1081 516 1136 motus
531 1074 660 1151 partium
675 1090 751 1148 quae
765 1075 833 1131 sunt
847 1070 877 1129 in
891 1074 954 1129 toto
969 1074 999 1129 et
1012 1072 1170 1127 moventur
1185 1084 1237 1143 per
1258 1070 1364 1137 totum,
1380 1065 1423 1122 ita
1437 1067 1470 1121 ut
1491 1062 1546 1120 ali-

419 1197 535 1274 quando
549 1200 669 1256 teneant
681 1193 823 1269 sphaerae
837 1191 985 1262 medium,
1006 1187 1162 1264 aliquando
1185 1204 1255 1244 vero
1276 1191 1453 1254 extremum,
1469 1199 1545 1239 nun-

419 1333 506 1391 quam
540 1313 584 1388 (l)
606 1313 705 1388 aliqua
728 1309 913 1386 superficiem
936 1309 1046 1386 proprii
1067 1308 1309 1385 superegreditur
1330 1304 1411 1366 astri.
1441 1305 1546 1379 ltaque

418 1438 495 1497 sicut
509 1436 584 1496 alius
600 1440 646 1496 est
660 1437 785 1496 mundus
799 1436 903 1508 tellus,
917 1436 992 1494 alius
1008 1453 1077 1494 vero
1097 1436 1168 1494 luna
1181 1481 1189 1508 ,
1204 1436 1245 1494 ita
1259 1453 1345 1494 suum
1365 1434 1453 1492 habet
1473 1432 1545 1490 haec

417 1556 557 1630 medium,
579 1555 629 1614 illa
651 1572 753 1614 suum:
773 1573 859 1614 suum
873 1555 946 1613 haec
960 1555 1049 1614 habet
1063 1572 1189 1627 sursum,
1204 1558 1234 1613 et
1248 1554 1300 1612 illa
1320 1570 1407 1611 suum
1422 1572 1429 1609 :
1451 1566 1545 1624 neque

417 1676 474 1733 hae
489 1674 674 1733 differentiae
688 1671 861 1748 simpliciter
875 1675 905 1730 et
919 1688 971 1747 per
984 1689 1015 1729 se
1030 1678 1153 1748 possunt
1167 1672 1196 1730 iu
1217 1677 1280 1732 toto
1295 1672 1342 1729 vel
1366 1671 1395 1729 in
1411 1668 1544 1746 partibus

417 1793 590 1870 assignari,
612 1793 662 1853 sed
684 1797 800 1853 tantum
822 1793 965 1870 positione
985 1799 1016 1855 et
1034 1795 1206 1854 habitudine
1227 1797 1353 1871 quadam
1376 1793 1543 1870 capiuntur.

416 1913 606 1986 Rursumque
624 1910 808 1987 capientibus
822 1910 851 1969 in
867 1929 902 1970 ea
922 1911 1136 1988 significatione
1151 1913 1301 1984 mundum,
1324 1929 1381 1987 qua
1395 1914 1543 1969 astrorum

415 2033 559 2108 synodus
574 2031 617 2089 sol
633 2032 690 2091 erit
704 2031 781 2092 inter
794 2035 927 2110 planetas
942 2036 1054 2094 medius
1068 2035 1189 2112 quisque
1210 2035 1344 2112 proprios
1359 2080 1367 2106 ,
1389 2033 1434 2092 cui
1456 2034 1542 2092 modo

413 2165 550 2221 sursum,
571 2148 656 2207 modo
678 2147 814 2208 deorsum
828 2150 871 2226 (2)
892 2149 938 2210 sui
960 2151 1033 2210 fiant
1056 2151 1211 2228 planctae,
1237 2151 1284 2209 vel
1306 2150 1391 2209 modo
1416 2147 1538 2219 dextri,

413 2269 499 2327 modo
514 2267 636 2337 sinistri,
652 2271 681 2326 et
696 2267 800 2343 quibus
817 2267 955 2343 vicissim,
969 2271 1045 2329 sicut
1060 2269 1151 2342 uobis,
1166 2271 1251 2329 modo
1273 2287 1389 2330 sursum
1410 2269 1445 2328 fit
1458 2287 1476 2327 a
1493 2286 1541 2326 uo·

412 2393 485 2462 stro,
499 2389 587 2447 modo
602 2389 738 2447 deorsum
753 2389 790 2447 ab
805 2389 974 2466 antipodum
991 2389 1149 2462 horizonte,
1164 2391 1249 2448 modo
1265 2390 1370 2449 dexter
1384 2391 1470 2448 modo
1491 2389 1534 2448 si-

413 2507 514 2579 nister,
522 2506 597 2564 sicut
610 2505 809 2564 habitantibus
823 2507 877 2564 suh
888 2507 964 2583 polo:
976 2507 1061 2565 modo
1076 2506 1105 2563 in
1115 2507 1218 2565 mediis
1233 2507 1307 2565 inter
1316 2484 1433 2565 sursum
1447 2511 1535 2582 atque

382 2700 383 2703 Ἴ
412 2629 547 2687 deorsum
562 2626 745 2700 differentiis,
760 2632 794 2685 ut
818 2627 853 2686 iis
868 2629 917 2703 qui
931 2629 996 2705 plus
1012 2629 1167 2704 minusque
1182 2630 1219 2686 ab
1244 2635 1404 2704 aequatore
1425 2630 1539 2686 distant

411 2756 500 2829 atque
511 2751 594 2829 polis.
609 2750 691 2814 Quod
708 2770 777 2810 vero
791 2752 828 2810 ad
843 2752 972 2827 singulos
986 2759 1100 2830 spectat
1122 2756 1316 2827 mundorum,
1340 2760 1372 2814 ut
1386 2754 1423 2814 ad
1445 2755 1537 2812 tellu-

410 2892 473 2935 rem
486 2872 516 2932 in
531 2874 592 2931 suis
607 2872 748 2948 partibus,
758 2872 896 2969 deorsum
909 2879 954 2933 eat
969 2892 1053 2934 suurn
1069 2876 1298 2952 uniuscujusque
1312 2894 1330 2935 a
1343 2876 1448 2951 quovis
1463 2893 1535 2935 suae

410 2997 660 3058 circumferentiae
676 3003 782 3073 puncto
797 2999 987 3057 mediumSio
1001 3001 1077 3058 enim
1093 3000 1221 3059 maxime
1237 3005 1334 3077 partes
1349 3000 1534 3058 adunionem

409 3125 439 3183 in
453 3127 515 3184 toto
537 3123 712 3183 servandam
727 3121 900 3182 ordinantur
914 3129 1002 3201 atque
1023 3125 1276 3202 conspirant3binc
1290 3130 1320 3184 et
1334 3125 1359 3184 si
1374 3124 1417 3184 sol
1433 3125 1534 3196 solem,
1608 3146 1613 3154 ·

408 3248 497 3308 tellus
511 3249 665 3319 tellurem,
686 3247 774 3306 tellus
787 3247 879 3307 solem
895 3249 1109 3323 quantumlibet
1124 3250 1253 3308 vicinum
1266 3296 1274 3324 ‚
1289 3251 1336 3309 vel
1358 3249 1448 3308 etiam
1469 3267 1537 3307 con·

408 3372 571 3446 tingentem
586 3371 715 3445 haberet,
730 3389 786 3429 nou
800 3375 877 3430 esset
891 3371 920 3429 in
935 3373 1065 3447 potentia
1089 3371 1217 3447 partium
1240 3372 1326 3431 unius
1348 3378 1381 3431 ut
1403 3374 1440 3430 ad
1463 3391 1532 3430 cen·

408 3491 488 3547 trum
503 3487 685 3547 referrentur
699 3487 831 3549 alterius.
846 3491 891 3548 Sit
905 3489 1006 3548 Tellus
1021 3489 1061 3560 A,
1081 3489 1166 3547 Luna
1181 3489 1227 3562 B,
1242 3507 1316 3564 quae
1331 3508 1362 3547 sa
1383 3491 1534 3566 attingant

408 3607 439 3666 in
454 3612 560 3684 puncto
575 3609 616 3668 C:
636 3608 675 3666 ibi
701 3607 837 3666 nimirum
859 3608 1004 3685 particula
1018 3608 1146 3667 Telluris
1158 3607 1294 3668 circuibit
1306 3629 1389 3669 suurn
1412 3609 1438 3666 A
1456 3656 1463 3683 ,
1486 3611 1532 3669 vel

408 3724 565 3784 descendet
580 3742 682 3785 versus
699 3727 737 3784 A:
752 3725 897 3802 particula
912 3744 981 3784 vero
993 3727 1096 3788 Lunae
1111 3727 1132 3787 C
1148 3729 1282 3788 circuibit
1297 3731 1347 3790 vel
1359 3730 1531 3790 descensum

407 3841 496 3903 faciet
511 3843 542 3902 in
555 3844 591 3904 A.
606 3843 654 3903 Sic
675 3864 768 3922 aeque
790 3846 919 3922 undique
939 3847 964 3906 D
978 3855 1008 3910 et
1030 3849 1054 3908 E
1076 3848 1208 3911 serentur
1230 3852 1269 3912 ad
1285 3854 1346 3928 BT,
1359 3859 1389 3914 et
1403 3856 1428 3912 G
1445 3857 1480 3914 ad
1496 3858 1533 3916 A.

407 3963 701 4024 RursumHetlad
718 3966 1106 4043 B,KothadA,bletN
1131 3973 1167 4031 ad
1184 3972 1303 4047 B;Oct
1323 3976 1533 4044 Paua-Q

407 4080 555 4141 descendit
571 4085 713 4159 usquead
729 4087 763 4160 B,
778 4088 909 4148 ascendit
923 4090 1065 4167 usquead
1080 4089 1112 4164 C,
1125 4092 1153 4152 lt
1167 4093 1316 4154 descendit
1331 4111 1424 4172 usque
1439 4096 1476 4154 ad
1492 4098 1529 4171 A,

432 4273 462 4330 (1)
474 4273 557 4319 lltasto
566 4274 601 4319 ha:
613 4287 670 4321 oum
680 4290 752 4334 quam
767 4283 824 4338 aliq.

432 4364 462 4423 (ἲ)
473 4365 491 4413 11
504 4372 561 4414 tecto
570 4367 615 4414 ha:
631 4369 736 4420 deorum.
