3442 5108
768 334 947 398 -127-

295 523 438 602 stotelis
456 548 679 618 censuram,
699 523 975 627 receptaculum
993 524 1046 601 illi
1064 525 1162 603 idem
1185 526 1298 604 fuerit
1317 526 1414 628 quod

295 650 465 744 materia,
485 655 523 727 et
544 650 702 726 materia
722 649 820 728 idern
838 677 882 729 ac
900 651 1188 754 receptaculum.

348 776 469 852 Porro
488 775 519 851 si
538 774 649 852 Plato
668 774 728 851 vel
748 775 842 854 alius
860 776 1044 879 quispiam
1063 775 1200 853 dixerit
1217 775 1340 855 locum
1360 803 1420 855 es·

297 925 337 977 se
348 900 556 994 materiam,
567 900 679 977 talem
691 901 876 1004 intelligat
889 901 1086 980 materiam
1096 905 1253 1004 oportet,
1269 903 1316 980 ad
1330 927 1418 1004 qua·

297 1025 392 1119 lem,
425 1030 463 1102 et
493 1051 561 1128 per
588 1026 761 1128 qualem,
789 1027 828 1104 in
860 1052 959 1129 qua,
988 1031 1025 1105 et
1053 1053 1148 1130 quae
1180 1028 1331 1106 nonsit
1359 1027 1414 1106 rei

299 1178 411 1255 pars,
431 1152 494 1230 sed
523 1153 577 1229 rei
606 1154 815 1256 subjectum
833 1159 985 1257 propter
1003 1154 1232 1255 receptivam
1250 1155 1412 1232 faculta-

295 1283 396 1373 tem,
416 1282 454 1356 et
481 1278 569 1381 quia
588 1280 684 1357 sicut
702 1280 820 1357 eidem
838 1280 920 1358 loco
940 1281 1089 1358 diversa
1107 1282 1311 1359 succedunt
1330 1307 1418 1360 cor-

294 1428 398 1505 pora,
417 1403 470 1481 ita
487 1405 657 1481 diversae
675 1405 818 1483 formae
845 1405 964 1483 eidem
992 1407 1158 1509 subjecto
1185 1405 1419 1510 permanenti

298 1526 480 1604 similiter.
510 1526 588 1605 Cur
606 1531 732 1605 autem
751 1528 874 1606 locum
893 1530 940 1605 ad
959 1555 1040 1606 esse
1059 1529 1254 1606 materiam
1273 1530 1334 1607 vel
1349 1530 1418 1607 for·

296 1676 396 1729 mam
415 1651 553 1752 obliget
580 1653 820 1746 Aristoteles,
838 1678 915 1730 non
933 1654 1025 1731 satis
1043 1633 1202 1747 indicat,
1222 1659 1419 1758 postquam

298 1778 336 1856 in
364 1779 441 1856 suis
469 1779 694 1883 cathegoriis
722 1779 847 1856 locum
866 1780 1088 1882 quantitatis
1108 1780 1268 1882 speciem
1286 1780 1415 1859 decla·

296 1907 419 1999 ravit,
449 1912 487 1984 et
516 1911 713 2010 postquam
742 1908 872 1984 doctor
898 1906 970 1983 iste
989 1910 1101 2008 negat
1120 1904 1177 2010 (l)
1195 1907 1319 1985 locum
1337 1932 1418 1985 esse

298 2033 493 2110 materiam
526 2033 587 2111 vel
618 2033 797 2126 formam,
818 2055 902 2109 cum
930 2031 1043 2135 longe
1061 2032 1158 2108 absit
1175 2034 1221 2109 ab
1241 2059 1285 2110 eo
1304 2040 1346 2111 ut
1365 2034 1419 2113 sit

294 2184 382 2263 pars
401 2160 468 2237 rei.
487 2159 720 2237 Determinat
737 2158 889 2236 tandem
908 2182 990 2235 esse
1007 2158 1161 2260 aliquid,
1181 2161 1279 2260 quod
1298 2186 1418 2263 neque

298 2285 468 2378 materia,
487 2309 607 2387 neque
626 2285 758 2379 forma,
778 2310 898 2387 neque
914 2284 1157 2386 compositum
1172 2286 1259 2387 quid
1279 2287 1338 2379 sit;
1355 2288 1419 2365 sed

297 2410 414 2487 ferme
442 2410 528 2511 quid
547 2410 721 2512 logicum,
742 2435 810 2487 suo
830 2434 954 2498 more,
975 2415 1012 2486 et
1031 2409 1154 2487 neseio
1174 2408 1282 2512 quale
1302 2412 1417 2487 semi-

297 2537 627 2630 mathematioum,
647 2536 709 2613 ubi
736 2537 859 2614 locum
888 2537 1046 2613 formam
1064 2536 1250 2637 quandam
1269 2538 1416 2630 astruit,

298 2662 396 2765 quia,
408 2661 602 2756 utiforma‚
621 2662 803 2740 terminus
822 2662 874 2738 rei
895 2662 1127 2739 est:'oblitus
1146 2663 1226 2764 ejus
1245 2663 1413 2758 rationiS,

296 2814 390 2891 quae
418 2790 554 2867 militat
571 2795 704 2868 contra
722 2790 885 2891 seipsum
907 2787 1170 2882 Aristotelem,
1195 2813 1271 2866 non
1294 2789 1417 2866 minus

297 2918 390 2992 bene
409 2941 522 3019 quam
542 2920 674 2993 contra
691 2915 900 2991 Platonem.
921 2912 1114 2997 Quomodo
1133 2913 1231 2989 enim
1251 2915 1417 2991 acciden-

297 3042 384 3120 talis
417 3042 557 3120 formae
585 3042 768 3119 rationem
787 3041 929 3118 obtinet
948 3044 1118 3143 respectu
1138 3042 1242 3141 ejuS,
1262 3041 1321 3118 cui
1341 3067 1415 3118 non

296 3168 392 3245 inest
411 3175 453 3245 ut
471 3170 591 3246 forma
610 3169 624 3244 l
645 3170 828 3270 quomodo
846 3166 949 3243 locus
969 3171 1027 3243 est
1045 3166 1156 3244 locati
1176 3168 1306 3262 forma,
1331 3195 1418 3246 oum

296 3296 345 3372 sit
364 3295 472 3388 aliuS,
491 3319 624 3399 nempe
643 3293 864 3371 continentis
884 3294 1048 3395 corporis
1068 3293 1310 3395 superficies?
1331 3295 1418 3396 quid

296 3422 386 3500 item
401 3422 447 3499 ad
464 3421 628 3498 locatum
648 3420 803 3509 confert,
824 3425 861 3497 et
880 3419 967 3520 quid
986 3420 1109 3495 locato
1128 3418 1211 3512 erit,
1232 3420 1264 3496 si
1292 3445 1421 3524 corpo-

297 3547 349 3623 ris
368 3547 532 3625 contenti
546 3546 628 3624 ideo
647 3547 783 3640 forma,
811 3544 899 3646 quia
921 3544 1086 3647 corporis
1110 3545 1336 3623 continentis
1359 3571 1418 3622 su-

296 3671 465 3773 perficies
481 3677 538 3748 est
552 3673 567 3749 t
582 3670 639 3776 (2)
653 3671 693 3748 Si
706 3695 817 3774 porro
832 3671 935 3749 locus
950 3694 1023 3747 non
1037 3671 1232 3763 terminus,
1245 3671 1308 3748 sed
1322 3671 1416 3749 anti·
1468 3734 1472 3747 .

297 3799 425 3902 quiore
444 3806 481 3876 et
497 3799 739 3903 generaliore,
754 3798 910 3901 physica
925 3801 960 3873 et
976 3797 1147 3873 rationali
1171 3797 1292 3898 magis
1308 3798 1419 3899 signi·

296 3924 481 4018 ficatione,
513 3925 679 4028 spacium
708 3923 761 4000 rei
789 3922 933 3999 locatae
949 3922 1101 4024 aequale
1116 3926 1184 4014 est,
1200 3922 1313 3999 habet
1327 3948 1418 4001 sane

296 4051 399 4129 locus
428 4077 536 4129 suum
565 4052 767 4129 terminum
794 4049 833 4127 in
861 4048 997 4151 spaci0,
1027 4048 1122 4125 sicut
1140 4052 1177 4123 et
1192 4072 1265 4138 res,
1281 4055 1418 4127 etcum

329 4228 420 4308 ’(1)Ιὶ
435 4236 556 4307 neyate
570 4228 698 4307 ripetnto
714 4230 762 4290 nel
775 4231 861 4290 testo.

335 4326 381 4407 (2)
398 4327 456 4389 Nel
470 4331 547 4388 tosto
561 4344 665 4388 manco
687 4329 706 4388 l’
716 4329 943 4407 interrogativo.
