3442 5108
674 311 847 374 -203-

253 514 307 578 Nil
333 516 423 578 vetat
446 530 515 576 esse
539 508 665 592 quidem
688 504 771 588 quod
798 510 904 569 terrae
928 499 1072 588 partibus
1098 499 1158 562 illis

248 641 333 706 Idem
360 641 533 704 conveniat
557 635 639 720 quod
664 640 771 700 terrae
794 631 940 718 partibus
964 632 1043 695 istis.

252 769 395 852 Cumque
420 770 563 834 infinitas
588 766 731 830 Tellures
755 784 899 828 asserere
922 763 1036 839 ausim,

247 897 437 983 Subjeetum
463 897 531 960 sine
558 895 621 959 tine
644 896 756 980 gravis
780 892 937 958 fateamur
960 898 1088 978 oportet

249 1029 291 1092 Et
316 1029 405 1109 levis,
430 1035 462 1094 et
485 1025 597 1100 medii,
623 1024 833 1108 frigentisque
857 1026 951 1105 atque
976 1023 1123 1087 calentis:

250 1155 400 1239 Nunquid
425 1163 597 1240 propterea
622 1152 738 1237 dogma
760 1152 821 1216 hoc
845 1150 985 1214 absurda
1007 1147 1205 1232 sequentur?

251 1286 457 1349 Innumerum
482 1285 557 1348 hino
583 1285 678 1368 igitur
704 1303 870 1347 numerum
895 1285 1044 1368 gravium
1068 1303 1136 1348 esse
1160 1282 1308 1367 fatemur,

252 1417 278 1480 E
303 1414 416 1499 quibus
441 1414 526 1479 haud
551 1415 670 1498 poterit
695 1414 872 1479 coniectum
896 1415 994 1479 dicier
1017 1437 1128 1494 unum,

250 1544 341 1617 Quod
367 1546 435 1607 sine
461 1543 521 1608 tine
544 1563 647 1628 grave
672 1551 730 1618 est,
757 1543 855 1606 veluti
876 1544 1002 1608 millena
1026 1544 1181 1609 librarum

249 1669 400 1754 Conligat
423 1690 440 1733 e
465 1672 566 1736 variis
591 1670 747 1733 mensuris
771 1674 938 1751 computus
959 1691 1041 1734 unus

247 1797 406 1883 Subjeotis
430 1799 555 1883 plumae
579 1799 612 1861 in
637 1795 750 1881 quibus
774 1793 850 1858 illud
874 1795 1095 1862 distribuatur.

242 2053 374 2112 Secundo
389 2053 466 2111 eirea
481 2051 607 2111 seeundo
621 2052 764 2128 simplicia
779 2070 902 2130 corpora
913 2068 987 2127 quae
1003 2054 1082 2109 mutu
1095 2055 1174 2110 recto
1183 2058 1325 2130 aguntur,

201 2174 302 2235 eodem
317 2173 475 2232 effutiendo
491 2186 590 2230 tenore
605 2190 703 2231 aerem
719 2173 875 2230 verberat:
898 2175 1051 2248 postquam
1077 2170 1153 2227 enim
1179 2172 1323 2231 neminem

201 2299 298 2375 posset
310 2294 467 2367 nominare,
480 2296 528 2370 qui
542 2296 639 2371 ignem
656 2315 746 2354 unum
762 2295 891 2372 posuerit
905 2296 1073 2354 continuum
1090 2296 1248 2369 infinitum,
1262 2313 1327 2355 sur-

201 2433 265 2474 sum
281 2414 387 2474 mobile
398 2415 434 2473 ad
450 2415 618 2473 ulteriorem
633 2416 800 2488 terminum,
814 2415 861 2474 vel
873 2416 1017 2488 deorsum,
1030 2416 1072 2474 ait
1083 2420 1193 2474 tamen:
1209 2423 1330 2474 contru-

202 2533 313 2593 riorum
328 2532 467 2591 contrarii
481 2537 550 2591 sunt
565 2539 670 2605 motus,
685 2533 960 2608 contrariorumque
976 2537 1109 2591 motuum
1124 2531 1243 2591 termini
1261 2551 1328 2591 eon·

202 2654 295 2713 trurii.
310 2653 439 2712 Termini
454 2655 593 2713 contrarii
614 2673 664 2732 per
678 2655 787 2715 lineum
801 2660 921 2729 rectam,
938 2674 989 2715 sou
1008 2674 1059 2733 per
1073 2657 1249 2715 diametrum
1271 2656 1326 2714 de-

202 2781 354 2853 finiuntur,
370 2781 400 2838 bi
415 2785 483 2838 suut
497 2800 613 2840 sursum
627 2786 716 2857 atque
731 2783 877 2856 deorsom;
893 2785 1107 2844 contrariorum
1123 2802 1214 2854 veru,
1231 2791 1261 2844 et
1283 2785 1328 2844 al-

202 2909 299 2963 terum
313 2905 427 2963 finitum
442 2923 505 2964 esse
521 2905 676 2982 oportebit,
691 2907 714 2965 si
730 2926 818 2966 unum
834 2926 892 2966 non
913 2908 973 2983 'erit
987 2908 1141 2967 infinitum.
1163 2910 1230 2968 Janu
1247 2907 1329 2967 nobis

202 3029 454 3106 compertissimus
469 3036 513 3088 est
527 3031 669 3089 terminus
684 3049 872 3106 eorumquae
887 3035 1042 3089 moventur
1056 3032 1137 3089 rectit
1149 3031 1283 3088 deorsum
1300 3031 1329 3087 ot

202 3153 239 3210 ad
255 3156 397 3222 centrum,
413 3149 442 3207 in
460 3168 516 3224 quo
532 3149 682 3225 quiescunt
698 3152 795 3222 densa,
811 3150 914 3226 spisso,
931 3148 1046 3226 frigida,
1061 3151 1181 3226 gravia:
1203 3167 1261 3206 nun
1285 3152 1331 3207 est

204 3274 293 3348 igitur
309 3271 454 3348 possibile,
469 3289 584 3328 sursum
601 3290 656 3328 nou
669 3291 732 3330 esse
748 3272 914 3344 terminum,
929 3272 979 3329 sed
996 3271 1144 3329 infinitum
1159 3274 1332 3347 superstare

203 3409 315 3461 rurum,
330 3390 466 3462 calidum,
482 3390 556 3448 levo:
572 3391 687 3465 quodsi
703 3396 836 3450 extrema
851 3391 933 3449 finito
948 3396 1035 3463 suut,
1051 3390 1178 3449 inedium
1201 3409 1257 3449 nou
1279 3408 1332 3465 po-

203 3516 274 3573 terit
288 3531 351 3572 esse
366 3516 428 3572 sine
442 3515 516 3574 fine:
531 3513 649 3572 adducit
663 3514 797 3589 exempla
819 3517 848 3572 et
869 3518 1088 3589 geometrarum
1104 3532 1183 3572 more
1210 3513 1332 3571 demon·

203 3635 362 3694 strutiones
376 3636 412 3693 ud
428 3634 618 3713 propositum,
634 3634 768 3712 propriae
783 3632 1018 3710 imaginationis3
1034 3636 1105 3694 nihil
1132 3640 1231 3695 autem
1253 3636 1329 3712 quod

204 3760 241 3817 ad
256 3759 446 3835 antiquorum
460 3765 491 3817 et
505 3763 635 3818 nostram
651 3758 738 3817 faciut
752 3736 937 3820 seutentiam.
962 3759 1025 3819 Nos
1046 3761 1123 3821 enim
1144 3762 1332 3839 gravitatem,

203 3878 367 3954 levitatem,
383 3879 510 3938 medium
526 3883 555 3938 et
569 3884 745 3953 extromum,
760 3898 875 3939 sursum
890 3884 920 3939 et
935 3881 1071 3941 deorsum
1094 3883 1173 3941 nulla
1189 3898 1253 3942 esse
1279 3880 1331 3940 de·

204 4001 440 4076 monstrabimus,
460 4009 572 4064 motum
587 4007 657 4064 item
672 4005 830 4063 seeundum
855 4007 990 4063 naturum
1006 4005 1117 4063 nullum
1133 4023 1197 4064 esse
1218 4008 1333 4063 rectum

204 4151 298 4208 neque
313 4133 342 4191 in
358 4139 420 4193 toto
437 4136 568 4211 subjecto
584 4137 711 4210 mundo,
727 4154 821 4212 neque
837 4134 1014 4211 inpartibus
1037 4134 1136 4192 mundi
1158 4131 1334 4193 naturaliter

204 4255 382 4316 constitutis.
398 4259 592 4317 Ostendemus
605 4256 727 4333 insuper
741 4262 850 4316 motum
865 4253 949 4314 illum
969 4253 1143 4313 circularem
1165 4251 1215 4327 qui
1230 4254 1275 4309 est
1296 4247 1334 4308 eb

205 4379 231 4438 Α
247 4377 368 4438 orientis
383 4379 420 4437 ud
436 4380 459 4437 Β
476 4379 633 4438 occidentis
647 4381 797 4457 puuctum3
811 4391 988 4452 rursumque
999 4372 1164 4450 eBpuuoto
1182 4385 1333 4432 recursum
