3442 5108
755 336 793 351 -
815 307 874 367 332
894 338 934 354 -

313 449 467 525 Luminis,
493 452 530 516 ut
552 448 644 515 nullu
666 451 801 517 rationis
824 451 915 517 lance
937 450 1097 533 ministra,

313 576 434 642 Amens
457 578 606 642 mentiris
629 597 737 643 rerum
761 588 934 658 momenta,
959 587 1115 666 putasque

315 713 454 780 Divitias
483 712 616 798 sophiae
637 712 760 779 nebulis
783 714 946 781 involvier
968 715 1065 782 hisce.

313 845 421 911 Porro
446 848 586 910 naturae
608 844 732 910 indiciis
756 844 795 910 de
817 843 955 910 millibus
978 846 1063 912 istud

313 975 445 1061 Nempe,
469 974 553 1061 quod
577 981 610 1042 et
632 975 723 1041 vobis
747 976 857 1043 oculos
880 972 1010 1043 suffodit
1034 980 1172 1061 apertos,

314 1108 484 1175 Duntaxat
507 1107 654 1185 referam,
679 1107 762 1192 quod
786 1128 842 1194 per
864 1127 898 1173 se
921 1106 1039 1174 sufficit
1062 1128 1171 1176 unum.

311 1234 441 1301 Scilicet
468 1237 519 1327 est
540 1234 649 1301 eadem
673 1254 798 1319 semper
822 1255 897 1320 pars
922 1236 976 1300 illa
992 1236 1171 1322 propinqua

314 1367 444 1443 Telluri,
472 1387 569 1451 quam
593 1387 649 1452 per
673 1365 814 1431 maculas
838 1367 1005 1451 cognoscis
1027 1366 1163 1449 easdem,

313 1501 376 1567 Seu
400 1501 548 1587 proprior
571 1501 641 1577 soli,
667 1500 794 1567 sublato
818 1520 963 1586 corpore,
988 1499 1055 1577 fiat,

312 1632 377 1698 Seu
403 1632 554 1718 depressa
576 1634 679 1720 magis
703 1652 800 1718 prope
824 1638 954 1700 nostras
978 1632 1054 1696 luna
1077 1630 1203 1698 feratur

313 1764 440 1828 Aures:
465 1761 549 1846 quod
572 1783 636 1827 non
663 1763 831 1840 accideret,
855 1764 882 1828 si
906 1762 972 1829 fisa
995 1784 1053 1848 per
1077 1783 1171 1828 axem

313 1891 514 1959 Conversum
540 1893 649 1958 varios
673 1898 801 1978 raperet
824 1896 953 1976 raptata
969 1911 1126 1956 recessus.

312 2021 400 2106 Ergo
424 2019 465 2085 ad
488 2020 638 2086 tellurem
661 2039 724 2105 quo
749 2040 875 2106 semper
900 2024 1009 2088 vertat
1031 2021 1158 2086 easdem

312 2153 461 2232 Umbras;
485 2153 536 2220 vel
560 2155 691 2239 proprio
715 2174 750 2218 se
774 2158 876 2220 motat
900 2174 1043 2240 corpore,
1068 2156 1119 2221 vel
1143 2156 1170 2220 si

312 2283 450 2350 Infixam
474 2285 566 2352 vehit
589 2286 673 2352 hanc
697 2287 873 2373 epictetus,
894 2292 926 2354 te
950 2289 1117 2374 graviora,

313 2414 396 2479 Dum
422 2412 545 2479 leviora
569 2412 663 2499 fugis,
688 2413 876 2496 miserande,
901 2415 1018 2500 pericla
1043 2420 1226 2500 sequantur,

313 2536 448 2611 Quando
473 2541 595 2604 astrum
619 2538 711 2603 simul
735 2539 821 2604 hunc
847 2546 968 2606 motum
993 2543 1151 2625 perquirit
1173 2548 1206 2607 et
1229 2538 1314 2605 orbis

312 2663 502 2730 Discindens
534 2665 656 2731 coelum
681 2664 841 2732 infernum
866 2667 1053 2751 coelumque
1077 2688 1261 2753 supernum,

312 2792 380 2858 Aut
403 2788 501 2874 (quod
523 2793 556 2854 et
578 2792 643 2876 ipse
667 2791 781 2876 negas)
806 2794 931 2857 tantum
954 2770 1009 2877 per
1032 2794 1127 2858 inane
1151 2791 1282 2859 seretur.

312 2919 374 2986 Sed
400 2920 510 3002 capias
534 2917 746 2983 absurdorum
769 2917 816 3006 (et
838 2917 909 3005 tibi)
934 2920 1119 2987 utrumlibet
1146 2921 1273 2998 horum,

313 3053 453 3138 Fingere
480 3054 604 3139 cogeris
627 3073 757 3119 rursum
781 3075 989 3139 caussamque
1012 3060 1183 3135 recentem,

315 3184 387 3259 Qua
413 3181 506 3247 facile
530 3203 599 3249 esse
622 3190 729 3268 putem
753 3184 865 3268 magis,
890 3183 1000 3250 orbern
1024 3191 1210 3269 astrumque
1233 3186 1345 3261 rotari,

314 3321 413 3386 Astro
440 3317 549 3383 orbem
573 3337 681 3383 secum
705 3320 862 3402 rapiente,
887 3323 1011 3384 astrum
1036 3315 1113 3382 orbe
1138 3318 1302 3396 vicissim3

315 3454 419 3529 Quam
444 3456 470 3519 si
494 3475 552 3540 per
568 3460 669 3521 semet
686 3454 835 3522 libratum
852 3459 994 3540 permeet
1009 3458 1133 3519 astrum

315 3585 481 3669 Principio
505 3584 642 3661 interno,
666 3582 757 3650 velut
780 3590 813 3648 et
836 3583 965 3647 minima
988 3582 1034 3645 ire
1058 3579 1204 3646 videmus

315 3720 499 3796 Innumero,
525 3721 556 3783 in
579 3722 649 3785 toto
673 3716 790 3802 parteis
814 3715 998 3798 omneisque
1014 3712 1169 3778 seruntur.

315 3852 406 3919 Adde
431 3853 541 3918 etiam:
567 3850 615 3938 (1)
639 3851 671 3916 ni
694 3852 737 3918 sit
759 3851 905 3918 discissio
930 3853 1031 3928 tanta,
1056 3867 1136 3932 opus
1160 3852 1244 3914 esset

314 3988 432 4055 Orbem
455 4008 527 4054 cunr
556 3988 649 4055 stella
671 4007 808 4072 parvum
832 3981 1054 4057 conscendere,
1079 3997 1214 4061 cumque
1239 3976 1301 4042 hoc

314 4120 472 4210 Majorem
496 4123 546 4188 cni
570 4124 619 4190 est
641 4118 746 4186 minor
768 4115 822 4181 hic
845 4110 982 4189 adfixus,
1006 4115 1039 4177 et
1061 4110 1175 4195 ipsum,

296 4333 327 4393 (l)
339 4334 348 4378 1
359 4336 402 4379 oue
412 4333 476 4391 ponii
486 4344 597 4382 mancuso
606 4330 643 4377 nel
652 4336 718 4375 resto.
