3442 5108
734 322 908 384 -331-

295 472 374 540 Cum
397 471 510 538 tellure
533 491 598 534 una
626 472 674 535 est
697 471 773 534 anni
797 463 984 535 circumflua
1009 467 1140 531 tractu:

295 606 384 678 Quae
408 622 478 668 cum
503 600 584 665 mole
610 601 671 665 siet
695 620 758 664 non
783 598 884 664 multo
909 594 994 660 forte
1018 592 1154 664 minore,

295 736 401 816 Atque
425 731 528 794 locum
551 729 609 793 soli
634 728 735 795 luerit
764 728 833 813 plus
857 732 952 792 nacta
976 726 1199 810 propinquum,

297 864 370 929 Non
403 863 448 925 sic
471 861 604 925 inverso
628 862 752 944 patitur
774 858 974 925 flammantia
997 857 1097 922 dorso

297 995 386 1069 Quae
412 990 558 1077 capital
583 992 687 1057 vitam
711 990 909 1057 revolumine
932 989 1035 1073 spicla
1057 988 1193 1053 diurno:

298 1120 361 1187 Sed
386 1117 519 1184 mediam
544 1119 631 1185 circa
655 1124 774 1185 terram
799 1139 957 1184 conversa
980 1123 1123 1204 receptat

299 1247 344 1310 De
369 1251 439 1311 tota
462 1244 564 1309 lucem
588 1243 677 1326 facie,
702 1249 735 1310 et
757 1250 976 1330 contemperat
1000 1252 1119 1311 aestus.

300 1380 497 1446 Phantasiae
523 1399 582 1443 nec
609 1385 641 1445 te
665 1378 812 1444 crudelia
836 1378 973 1443 tormina
997 1382 1124 1442 tantum

300 1506 505 1581 Perturbent,
531 1504 589 1569 sibi
614 1525 695 1587 quae
720 1506 861 1588 capitose
885 1503 1052 1588 protervia
1074 1502 1179 1578 finxit,

301 1640 416 1704 Invitis
447 1637 551 1713 astriS,
576 1640 671 1718 atque
695 1635 781 1698 omni
805 1633 884 1708 luce,
908 1633 1073 1699 volentum

302 1762 460 1825 Tellurem
494 1759 591 1831 cirea,
616 1754 663 1841 (l)
688 1760 835 1821 centrum
859 1757 1042 1821 convertier
1068 1776 1180 1821 omne:

301 1891 452 1973 Veroque
487 1908 558 1953 cum
583 1886 729 1951 deessent
751 1885 809 1949 sibi
834 1885 1092 1969 constipulantia,
1117 1890 1249 1952 sanctae

304 2017 426 2085 Contra
458 2021 594 2081 naturae
617 2016 730 2096 lucem,
755 2015 925 2081 sarcimine
948 2019 1033 2082 mille

305 2147 489 2228 Appouunt,
525 2144 705 2227 mutilisque
730 2146 896 2230 integrant
919 2144 1051 2210 orbibus
1074 2147 1187 2213 orbes:

306 2274 349 2339 et
366 2272 493 2356 quando
518 2278 663 2336 acontio
688 2278 828 2337 amotam
845 2271 906 2335 hoc
930 2272 1010 2356 plus,
1029 2273 1160 2356 plusque
1176 2274 1387 2358 propinquam

306 2405 391 2469 Huic
419 2408 530 2468 centro
555 2401 686 2467 rideant
709 2400 835 2466 stollam
859 2421 1079 2485 quamcunque
1104 2407 1274 2485 meantem,

308 2533 401 2596 Hanc
429 2531 528 2614 ipsam
553 2528 699 2594 adfluunt
722 2528 802 2604 orbi,
827 2529 878 2611 qui
902 2548 960 2592 nec
984 2530 1043 2594 siet
1066 2529 1132 2613 ipse

309 2660 378 2725 lloc
408 2656 543 2722 medium
571 2676 757 2742 agnoscam,
782 2655 834 2719 seil
860 2676 935 2740 pars
959 2658 1021 2723 siet
1044 2657 1128 2720 illius
1152 2678 1226 2733 una,

310 2786 402 2862 Quod
431 2791 534 2851 totum
558 2784 687 2850 tamlem
711 2784 859 2848 membris
883 2784 920 2849 ile
944 2783 1062 2850 talibus
1086 2794 1193 2851 exstet

311 2918 538 3002 Conpositum,
573 2917 660 2981 nullo
685 2924 770 2982 certe
794 2937 851 3001 pro
876 2916 947 2998 fine,
973 2919 1034 2981 nisi
1061 2923 1097 2983 ut
1120 2921 1183 2984 sint

312 3046 475 3112 Stultitiae
507 3052 675 3128 acceptata
699 3045 787 3127 prius
812 3042 996 3109 sumlamina
1021 3044 1123 3123 finium

313 3176 482 3259 Indignum
512 3196 580 3239 esse
603 3175 666 3239 rati
691 3182 740 3240 tot
763 3184 941 3242 connnenta
964 3197 1065 3261 usque
1089 3181 1202 3264 perire,

316 3306 405 3379 Quae
433 3305 565 3390 sophiae
589 3304 691 3370 lurein
714 3305 925 3370 extinxerunt
948 3304 1082 3389 (lenique
1105 3330 1227 3373 sacrae.

315 3437 419 3500 Porro
447 3439 479 3499 et
502 3436 529 3498 si
554 3440 622 3499 toto
647 3440 696 3498 est
718 3455 889 3519 suppressa
913 3436 993 3501 haec
1016 3458 1152 3523 corpore
1177 3441 1305 3523 techna,

317 3562 418 3649 Cujus
443 3564 630 3628 averroicas
654 3563 761 3649 tetigit
783 3584 907 3647 quoque
932 3585 1052 3631 nausea
1076 3588 1182 3650 narce,

317 3690 376 3756 Cui
400 3710 463 3753 non
490 3689 613 3753 coelum
636 3698 788 3774 astroque
812 3691 905 3756 tillem
928 3693 1017 3775 lacit,
1042 3702 1078 3761 ut
1101 3697 1189 3763 coelo
1214 3704 1349 3779 astrum,

317 3819 383 3885 Nec
407 3821 445 3885 ile
468 3822 603 3888 conficto
629 3824 762 3890 inficiari
786 3827 881 3892 rebus
906 3832 1026 3915 apertis

321 3953 491 4028 Coiu'enit,
515 3960 550 4018 ut
575 3976 684 4021 serves
708 3957 844 4023 medium
869 3963 1024 4046 graviora
1053 3972 1172 4041 tenere,

321 4080 367 4145 lle
391 4084 504 4167 gravis
528 4092 624 4168 atque
648 4083 729 4151 levis
752 4094 870 4153 natura
895 4091 1038 4175 ignarus,
1063 4100 1096 4161 et
1117 4116 1233 4182 expers

301 4316 320 4363 ll
326 4322 333 4371 l
345 4315 432 4364 Quum
442 4314 528 4371 virgula
539 4330 620 4361 ritanca
630 4318 666 4361 uel
676 4328 735 4365 resto
744 4320 771 4365 ed
781 4326 792 4359 l·
802 4326 936 4381 ate-enain,
948 4328 1030 4383 pereae
1041 4328 1054 4373 u
1064 4334 1152 4375 scatet
1162 4334 1224 4378 circa
1234 4335 1349 4383 tellurem.
