3442 5108
775 336 955 397 -325-

338 522 531 591 Continuam
554 520 695 616 efficiant
720 543 819 589 unum
844 522 1007 589 versabile
1029 523 1149 588 circum

336 653 431 720 Hunc
453 657 621 743 punctum,
640 654 835 738 usqueadeo
855 652 1016 718 immensis
1033 651 1188 738 gyrisque
1213 653 1360 719 notentur
1368 647 1420 736 (l)

337 792 493 879 Tempore
517 798 582 858 tam
605 792 739 870 modico,
763 812 857 877 quam
878 791 1029 857 convenit
1052 795 1088 854 ut
1110 789 1171 854 siet
1194 790 1294 874 ipsum

337 928 508 995 Inversum
531 929 618 995 circa
640 927 801 1013 proprium
825 923 954 1011 proprio
979 920 1092 987 ordine
1116 925 1270 996 centrum,

338 1059 409 1134 Quo
432 1062 568 1126 mortem
590 1057 703 1144 fugiat,
730 1056 816 1122 vitae
839 1053 1025 1135 fructusque
1048 1050 1191 1134 reportet

338 1184 491 1251 Ferventi
515 1203 535 1248 a
558 1185 664 1269 segete
686 1180 892 1267 spiculorum,
917 1174 1028 1243 uivida
1050 1174 1126 1239 solis

339 1316 430 1392 Quae
453 1315 559 1382 virtus
582 1313 708 1400 plenum
732 1313 851 1377 circum
863 1309 1027 1397 jaculatur
1051 1308 1083 1372 in
1107 1304 1263 1372 orbemi'

336 1449 390 1516 Sic
414 1449 514 1534 igitur
537 1446 632 1511 lunae
655 1447 683 1509 si
706 1441 911 1509 constituaris
927 1441 960 1505 in
976 1437 1063 1519 orbe,

336 1579 428 1655 Quod
452 1578 615 1663 proprium
638 1576 723 1641 circa
746 1578 892 1639 centrum
917 1570 1087 1643 vertatur;
1110 1562 1242 1630 habebis
1295 1618 1299 1625 .

336 1710 429 1775 Hanc
451 1709 551 1793 ipsam
574 1725 679 1773 rerum
704 1710 736 1771 te
759 1704 879 1769 circum
903 1700 1125 1775 conditionem,

337 1836 560 1920 Consimilique
584 1833 688 1908 modu,
712 1831 771 1897 lias
794 1830 981 1914 ubicunque,
1006 1825 1125 1894 videbis

336 1962 382 2027 Te
408 1965 527 2028 circum
551 1980 658 2026 rerum
681 1958 794 2024 faciem
818 1962 1004 2023 constanter
1026 1955 1179 2021 eandem:

337 2086 378 2154 Et
401 2108 525 2173 semper
547 2088 669 2173 proprii
691 2087 722 2151 in
746 2085 869 2151 cunctis
893 2083 1073 2147 imitamina
1097 2086 1210 2148 motus

337 2217 381 2284 nt
408 2238 488 2285 vero
512 2217 585 2283 solis
609 2214 735 2302 quando
760 2214 797 2281 de
820 2212 946 2279 sedibus
969 2234 1061 2280 omne

337 2345 429 2420 Quod
458 2347 577 2412 circum
600 2352 649 2413 est
672 2348 792 2412 motum
815 2343 923 2408 lumen
947 2348 1092 2429 spectare
1117 2343 1236 2425 liceret,

338 2477 427 2543 Tunc
455 2477 549 2562 plane
572 2477 664 2545 laoile
689 2483 774 2545 esset
796 2498 907 2543 eornm
931 2477 1129 2564 apprendere
1151 2479 1256 2566 leges;

336 2605 419 2671 Nam
444 2606 565 2673 medius
587 2608 712 2695 synodo
746 2616 796 2677 est
818 2611 1010 2676 mundorum
1033 2610 1250 2693 finitimorum,

339 2731 483 2807 Quorum
509 2740 628 2802 natura
651 2740 699 2802 est
723 2736 841 2802 Telluri
864 2738 1078 2804 consimilaris

338 2862 493 2940 Naturae,
520 2868 553 2930 et
576 2864 679 2949 specie
702 2866 880 2932 consistunt
903 2865 1047 2952 partibus
1070 2867 1191 2934 iisdem.

338 2988 476 3074 Indeque
507 2996 712 3077 prospectans
735 2992 815 3058 alios
838 2993 958 3061 circum
984 2996 1119 3080 undique
1141 2997 1235 3075 soles,

338 3123 504 3208 Tantaque
533 3123 694 3190 constanti
719 3122 829 3190 videas
853 3123 1049 3209 plantamine
1073 3124 1152 3203 luce,

338 3254 372 3323 Si
395 3260 505 3321 manet
532 3255 670 3332 omnino,
695 3259 731 3322 ut
754 3255 852 3322 Samii
875 3254 1153 3340 dixeratquietus,

337 3382 405 3449 Nec
434 3386 501 3450 tam
523 3380 658 3449 distanti
681 3352 799 3447 circum
823 3402 841 3448 e
864 3383 996 3467 regione
1020 3383 1168 3450 volucres

337 3511 426 3577 Haec
455 3512 585 3593 circum,
609 3513 709 3578 veluti
733 3513 852 3578 circum
875 3519 908 3580 te
931 3532 1042 3579 errare
1066 3511 1188 3578 videbis

339 3641 474 3706 Lumine
500 3660 581 3725 quae
604 3661 668 3708 non
691 3649 767 3710 sunt
789 3647 881 3710 tanto
905 3664 1007 3729 neque
1031 3664 1163 3731 corpore
1187 3647 1278 3713 tanto

339 3767 383 3835 Ut
406 3771 538 3833 nostrae
562 3768 699 3834 Telluris
723 3771 754 3834 in
778 3772 908 3856 regione
932 3771 1117 3856 propinqua,

338 3901 381 3967 Et
406 3901 534 3985 reliquis
558 3902 664 3967 Tellus
686 3902 787 3967 simile
810 3907 935 3969 astrum
958 3903 1181 3987 comperietur.

322 4145 353 4204 (l)
363 4144 468 4191 L'autore
478 4148 595 4193 scrivendo
605 4156 721 4203 retentor,
732 4150 759 4194 od
769 4152 869 4205 efficiant
882 4151 912 4195 ha
921 4158 992 4197 avuto
1002 4152 1023 4196 ln
1032 4159 1104 4198 mente
1115 4165 1157 4197 uon
1172 4153 1186 4198 ll
1202 4165 1256 4197 voro
1263 4160 1369 4209 soggetto
1379 4153 1416 4197 del

294 4242 385 4302 periodo
394 4248 499 4302 spacium
508 4251 661 4304 immensum
671 4261 708 4293 rna
717 4251 802 4294 monadi
811 4251 940 4294 innumeri.
