3442 5108
888 272 1050 337 ‘¹62-

407 464 601 568 magisque
620 463 790 566 regulato
808 461 1041 557 sensu,vivis
1060 462 1345 565 efficacibusque
1369 465 1527 543 demon-

406 591 648 669 strationibus
667 594 705 667 et
723 589 917 693 ipsiusmet
949 616 1031 667 sese
1046 589 1267 692 explicantis
1285 597 1443 669 naturae
1466 618 1530 670 vo·

406 718 658 797 cibusverum
688 715 847 819 ingeniis
879 716 1018 793 nostris
1050 716 1253 795 exorientis
1281 717 1432 796 luminis
1462 719 1530 798 ful-

407 871 536 949 gorem
555 843 838 947 praenunciare,
849 841 1024 935 indicare,
1041 842 1205 946 aperire:
1222 848 1264 922 ut
1278 848 1406 947 pateat
1416 872 1528 949 quam

405 975 615 1076 probatum,
638 995 780 1064 verum,
802 974 990 1063 constans,
1010 970 1236 1074 firmumque
1255 970 1304 1048 sit
1322 971 1420 1073 quod
1447 996 1530 1075 pro-

366 1129 368 1134 ·
406 1099 577 1204 ponimus
606 1101 643 1174 et
671 1097 988 1189 commendamus,
1009 1121 1196 1200 quamque
1216 1096 1390 1189 alienum,
1406 1097 1530 1172 incon-

406 1233 522 1317 stans,
543 1228 581 1300 et
601 1223 802 1314 infirmum,
833 1248 975 1325 suoque
994 1222 1110 1325 ipsius
1142 1223 1304 1324 pondere
1333 1221 1527 1301 ruinosum

406 1350 503 1454 quod
521 1374 704 1452 negamus
727 1353 839 1450 atque
858 1347 1098 1451 despicimus,
1125 1347 1156 1423 si
1185 1347 1223 1424 in
1243 1373 1369 1426 rerum
1397 1351 1533 1448 natura

407 1475 458 1553 nil
475 1476 545 1553 hoc
564 1477 685 1576 magis
718 1478 840 1576 potest
872 1499 953 1550 esse
986 1473 1202 1566 dissonum,
1225 1473 1287 1550 illo
1316 1499 1405 1551 vcro
1434 1473 1527 1550 nihil

408 1603 569 1705 undique
598 1601 720 1702 magis
748 1605 872 1704 potest
904 1626 986 1678 esse
1005 1625 1234 1678 consonum:
1256 1599 1530 1703 quantumlibet

196 1798 201 1805 .
298 1743 301 1749 “
326 1786 327 1791 ,
407 1730 507 1806 enim
526 1730 596 1806 sub
612 1727 751 1830 sylenis
769 1752 914 1804 merces
932 1727 1207 1830 preciosissima
1226 1727 1446 1822 occultetur,
1463 1731 1532 1807 sub

406 1855 486 1957 ipsa
505 1861 633 1931 tamen
650 1853 844 1955 apparenti
863 1852 1145 1955 impossibilium
1165 1853 1417 1931 assertionum
1436 1855 1530 1932 facie

407 1981 575 2059 divinum
589 1979 679 2057 illud
690 1979 860 2055 veritatis
879 1980 1067 2082 specimen
1087 1978 1354 2072 sublatescens,
1363 1980 1460 2081 quod
1480 1980 1533 2056 vi-

406 2110 547 2186 lissima
567 2104 739 2184 credendi
758 2106 986 2183 consuetudo
1006 2107 1044 2181 iu
1063 2105 1290 2183 multicurva
1311 2103 1533 2207 obliquaque

408 2233 549 2336 speculi
583 2230 779 2333 superficie
808 2235 1021 2307 contortum
1049 2231 1240 2322 intuetur,
1271 2233 1307 2307 in
1337 2236 1531 2333 apertum,

408 2358 542 2437 amotis
561 2356 651 2458 ipsis
670 2354 863 2433 fallacibus
882 2355 1124 2447 intermediis,
1146 2356 1293 2433 evadat.

462 2484 614 2561 Interim
642 2482 740 2559 malo
769 2506 894 2558 coram
924 2481 1040 2558 oculis
1068 2483 1233 2559 Deorum
1260 2479 1371 2586 (cum
1397 2482 1534 2585 quibus

408 2637 468 2688 me
489 2611 613 2687 videre
632 2607 818 2711 arbitror)
837 2609 916 2685 sine
936 2633 1051 2709 regno
1071 2608 1250 2709 gloriam,
1281 2635 1394 2711 quam
1420 2609 1536 2712 inglu

409 2737 507 2816 rium
527 2762 654 2815 coram
673 2735 894 2813 stultissima
912 2735 1149 2814 multitudine
1178 2761 1356 2837 regnum:
1378 2737 1467 2813 dum
1493 2736 1535 2812 il·

408 2864 471 2942 lud
491 2864 604 2940 etiam
623 2887 774 2965 possum
793 2862 885 2938 mihi
905 2866 987 2939 tuto
1014 2862 1194 2964 polliceri,
1215 2863 1311 2964 quod
1332 2862 1456 2964 opinio
1475 2889 1536 2938 ve·
1582 2914 1587 2920 -

411 3017 454 3068 ra
471 2988 631 3084 durabit,
652 2990 764 3092 inque
784 2989 1054 3091 sapientiorum
1082 2987 1240 3092 ingeniis
1268 2989 1363 3066 altas
1391 2989 1534 3066 radices

409 3121 519 3218 aget:
539 3114 654 3191 fallax
674 3119 799 3193 autem
820 3119 932 3217 atque·
953 3114 1169 3217 sophistica,
1183 3114 1271 3192 licet
1285 3116 1331 3191 ad
1346 3114 1534 3192 modicum

412 3240 426 3348 t
438 3241 680 3344 quantumvis
699 3241 789 3318 illud
804 3241 993 3345 prolixum
1008 3244 1155 3343 tempus
1173 3239 1376 3346 appareat)
1394 3241 1533 3318 trium-

413 3367 551 3471 pharit,
580 3365 770 3444 levissima
788 3366 902 3442 etiam
930 3364 1119 3444 levissimo
1147 3372 1260 3444 vento
1280 3366 1453 3458 tolletur,
1482 3370 1534 3441 at·

410 3518 482 3597 que
501 3494 666 3571 decidet:
686 3492 867 3595 siquidem
885 3491 925 3568 in
944 3493 1047 3570 arido
1065 3519 1197 3597 campo
1217 3498 1341 3572 satum
1360 3520 1442 3571 esse
1457 3517 1534 3569 cre-

410 3623 531 3700 dimus
549 3620 646 3723 quod
665 3621 703 3697 in
723 3619 801 3696 sola
820 3619 1008 3723 opinione,
1029 3620 1088 3696 cui
1107 3620 1245 3699 nullius
1265 3621 1434 3697 veritatis
1453 3617 1533 3697 lul-

411 3773 476 3824 cra
504 3746 797 3838 subtenduntur,
827 3746 1110 3823 est-fundatum.
1131 3745 1235 3823 Licet
1253 3746 1369 3847 igitur
1393 3745 1532 3836 serior,

410 3871 567 3949 validior
593 3877 720 3949 tamen
738 3871 936 3975 aliquando
951 3876 1130 3974 exsurget
1149 3873 1289 3949 veritas
1307 3871 1400 3974 ipsa,
1420 3897 1533 3975 quam

410 4022 520 4100 saepe
538 3997 747 4076 communis
766 3997 890 4100 opinio
909 3996 1104 4075 convellit:
1125 4022 1197 4099 quo
1226 3997 1324 4073 cuim
1346 3997 1458 4074 istam
1473 4023 1532 4072 ar-

411 4123 559 4225 guendo
588 4120 699 4199 altius
726 4120 878 4213 infodit,
906 4147 950 4198 eo
979 4122 1111 4199 fortior
1137 4121 1290 4198 tandem
1317 4119 1533 4224 (perversis

412 4246 527 4324 etiam
545 4245 695 4340 Geniis,
715 4249 826 4346 atque
844 4246 1112 4350 misanthropis
1130 4244 1320 4349 spiritibus
1338 4243 1483 4347 invitis)
1498 4270 1534 4321 e-

412 4375 563 4477 rumpet
579 4369 620 4448 in
636 4369 771 4451 lucem.
