3442 5108
734 340 912 401 -348-

301 489 397 556 Mane
421 491 525 554 oriens
548 486 666 552 mundo
690 486 843 573 majorem
866 481 1052 549 ostenderet
1075 478 1205 557 orbem,

302 622 344 686 Et
367 623 508 686 serotino
533 622 698 685 tenuatiur
721 621 782 685 iret
806 621 838 683 in
863 639 935 683 axe.

301 750 345 814 At
370 767 449 812 vero
473 746 594 830 liquido
619 747 699 812 coeli
722 745 866 811 labentia
890 766 1002 832 campo

303 874 427 956 Sidera,
454 876 522 939 siue
547 876 657 958 aequis
682 893 738 938 seu
762 872 983 937 subducantur
1003 872 1119 955 iniquis

305 1003 471 1083 Passibus,
497 1003 623 1087 aequali
647 1001 826 1069 adveniunt
849 1001 927 1067 facie
951 1004 1048 1084 atque
1072 997 1234 1064 recedunt.

303 1133 387 1205 Quin
411 1134 509 1197 etiam
533 1136 682 1216 punctus,
707 1130 746 1194 de
770 1148 832 1214 quo
856 1129 1053 1196 contractior
1076 1125 1192 1192 umbra
1215 1129 1274 1200 est,

304 1258 408 1332 Quam
432 1279 528 1343 super
551 1264 677 1325 erectae
701 1258 852 1322 Phoebus
876 1257 914 1322 de
937 1275 1072 1341 corpore
1096 1254 1224 1338 plantae

302 1390 439 1475 Projicit
462 1391 522 1476 (1),
546 1409 695 1455 occasum
718 1389 805 1454 haud
829 1390 939 1473 aequis
963 1387 1099 1453 libraret
1122 1391 1154 1452 et
1177 1391 1284 1452 ortum

302 1520 473 1597 Laudibus,
499 1526 535 1587 at
556 1519 762 1606 peragranda
779 1520 884 1584 minor
906 1518 1053 1604 majorve
1077 1521 1209 1602 peracta

303 1649 386 1713 Pars
410 1647 504 1722 foret,
529 1653 562 1714 et
585 1648 711 1734 gemino
735 1666 798 1711 non
824 1665 925 1729 aeque
950 1644 1095 1710 abstaret
1118 1642 1157 1707 ab
1181 1642 1243 1707 imo

305 1776 398 1842 Celsa
421 1781 533 1842 tenens
555 1778 649 1863 proni
674 1775 814 1841 candens
838 1774 968 1860 fastigia
991 1773 1079 1838 coeli.
1105 1770 1154 1856 (2)

304 1906 378 1971 Non
403 1905 501 1969 etiam
524 1905 675 1993 aequales
699 1923 803 1987 aequa
827 1902 1002 1969 intervalla
1024 1904 1181 1986 reponent

302 2032 440 2097 Umbras
464 2034 604 2099 occiduis
627 2040 660 2102 et
683 2037 750 2101 eois
773 2034 936 2121 passibuS,
963 2052 1064 2116 aequo

307 2166 386 2232 Cum
411 2165 532 2231 distant
555 2166 647 2232 radio
673 2166 837 2252 ignipedes
861 2165 983 2231 Titanis
1009 2161 1126 2228 anheli.

219 2319 224 2329 ·
304 2296 365 2363 Sed
389 2298 547 2382 specimen
571 2297 690 2383 puerile
714 2297 822 2362 ferunt
845 2293 1053 2361 meditamina
1075 2295 1180 2366 tanta,

303 2430 447 2512 Namque
473 2429 593 2495 ubisit
617 2428 711 2496 tellus
731 2432 820 2492 motu
845 2444 1004 2492 conversa
1027 2421 1154 2495 diurn0‚

304 2559 345 2624 Se
368 2561 487 2624 circum
512 2562 641 2644 proprio
665 2558 768 2625 lucem
794 2557 1005 2638 tenebrasque
1029 2551 1156 2618 refluxu

305 2693 462 2777 Concipit,
486 2700 582 2777 atque
607 2713 677 2774 suo,
702 2713 891 2778 quacunque
915 2713 931 2757 e
956 2690 1222 2776 par·te,1·eceptat

304 2820 465 2904 Aequales
487 2813 632 2901 umbras,
655 2821 680 2884 si
704 2824 817 2886 centro
841 2823 1009 2906 permanet
1030 2818 1109 2902 ipsa:

306 2949 340 3014 Si
364 2969 462 3032 aeque
486 2950 636 3016 distantis
660 2951 698 3015 de
721 2951 835 3017 stellae
859 2970 993 3036 corpore
1017 2951 1120 3015 lucem

306 3081 444 3167 Excipit,
469 3088 502 3149 et
525 3085 660 3168 speciem
685 3083 869 3148 submiserit
891 3084 960 3168 ipsa
986 3080 1164 3167 globosam,

306 3213 467 3297 Perpetuo
492 3215 660 3298 aequalem
684 3216 808 3299 proprii
831 3215 886 3280 dat
909 3215 1051 3299 corporis
1074 3213 1241 3290 umbram;

305 3341 385 3408 Cum
409 3343 455 3407 sic
478 3342 665 3429 abjunctum
690 3350 740 3411 est
762 3344 801 3409 de
825 3345 944 3409 lumine
968 3364 1085 3430 corpus
1109 3364 1254 3430 opacum,

305 3470 494 3555 Gnomoque
518 3493 700 3538 convexum
724 3495 820 3559 super
843 3476 914 3562 ejus
938 3474 1032 3550 fixus,
1056 3474 1167 3539 eadem

307 3599 461 3665 Mensura
484 3601 673 3667 umbrarum
699 3602 814 3670 fundet
838 3604 989 3687 vestigia,
1014 3603 1079 3667 lixo

307 3729 341 3795 Si
364 3730 491 3815 globus,
515 3734 644 3799 inverso
668 3755 727 3820 pro
752 3736 880 3818 lumine,
904 3742 1072 3822 permanet
1094 3757 1166 3802 axe.

305 3862 358 3929 Sic
382 3884 502 3948 aequas
527 3867 654 3952 gemino
679 3867 718 3933 de
741 3867 872 3933 cardine
894 3869 1023 3956 projicit
1046 3868 1186 3944 umbras,

306 3992 436 4078 Aequas
460 3994 497 4059 de
521 3997 648 4080 punctis
672 3998 822 4081 utrinque
846 3996 1053 4064 abstantibus
1077 4017 1187 4082 aeque,

306 4118 430 4184 Emicat
452 4124 486 4185 et
509 4121 624 4206 quavis
652 4121 732 4188 lucis
755 4124 851 4209 vigor
874 4144 892 4188 e
916 4124 1058 4208 regione.
1122 4106 1125 4111 ¹

292 4280 324 4333 ll>
336 4282 421 4330 onesta
432 4284 518 4338 virgula
528 4299 610 4330 manca
620 4288 656 4330 uel
665 4294 730 4331 testo.

296 4377 328 4432 (2)
338 4378 451 4434 Leggerei
460 4390 540 4437 questo
550 4395 616 4428 verso
626 4388 679 4429 cosi:
695 4385 761 4428 corsa
769 4391 856 4441 tenens,
868 4387 943 4443 proni
954 4389 1067 4432 scandens
1077 4392 1174 4444 tetriora
1189 4394 1256 4434 coeli.
