3442 5108
665 315 844 376 -229-

188 516 265 586 bilis,
281 511 340 570 alia
364 509 529 569 immobilis.
551 506 727 583 Superilcie's
753 507 883 580 itemque
907 506 952 560 est
976 501 1108 578 corporis
1131 500 1318 572 continentis,

191 647 248 688 non
263 631 308 686 est
322 624 492 684 immediata
516 622 632 698 corpori
656 624 813 693 contento,
828 619 896 696 quia
917 619 959 676 sic
983 619 1060 675 inter
1080 616 1266 692 superficiem
1280 633 1315 674 ae

189 745 374 824 superficiem
395 743 506 802 mediat
520 740 661 819 spacium,
675 740 751 800 sicut
763 740 841 799 inter
855 741 993 816 punctum
1015 741 1045 796 et
1058 741 1197 812 punctum
1219 735 1317 833 linea3

189 868 256 928 etsi
270 867 323 939 ita,
337 881 453 924 rursum
468 864 647 938 urgebimus,
656 862 703 941 (1)
718 862 795 920 inter
809 859 993 937 superficiem
1007 875 1065 933 qua
1079 857 1209 934 spacium
1220 855 1317 932 tangit

188 988 359 1067 (utcunque
373 987 500 1061 tangat)
517 985 583 1045 hinc
597 984 783 1062 superficiem
796 983 936 1048 contenti.
951 981 1018 1041 inde
1033 979 1218 1051 continentis,
1240 979 1310 1055 quid

190 1108 318 1167 medietl
330 1108 376 1186 (2)
391 1106 459 1166 Non
474 1112 519 1165 est
543 1105 594 1164 via
608 1105 716 1177 verbis,
732 1077 836 1181 quibus
851 1103 987 1162 effutiant
1008 1100 1213 1179 Peripatetici,
1225 1099 1255 1159 ni
1271 1119 1319 1159 ve·

189 1230 252 1300 lint,
269 1233 354 1288 extra
369 1229 502 1305 proprias
524 1227 700 1303 egrediendo
714 1232 819 1299 metas,
832 1225 992 1285 concedam
1016 1227 1118 1296 inane,
1144 1227 1319 1301 et-repetere

193 1354 380 1427 antiquorum
395 1353 581 1424 sententiam,
596 1369 652 1426 qua
666 1350 798 1428 spacium
813 1353 852 1412 sit
870 1352 966 1423 locus,
982 1353 1028 1410 vel
1045 1352 1100 1410 loci
1115 1369 1216 1428 genus.

229 1467 295 1526 Non
313 1468 376 1544 plus
391 1468 440 1526 alii
456 1469 583 1545 sapiunt,
598 1469 647 1543 qui
661 1469 697 1527 ad
713 1473 848 1527 centrum
863 1469 873 1526 l
889 1488 972 1528 ocum
988 1474 1152 1542 recurrunt,
1171 1470 1247 1546 quod
1263 1488 1319 1529 non

188 1592 276 1650 estin
291 1609 397 1666 genere
411 1592 586 1668 superficiei,
601 1610 693 1667 neque
708 1610 760 1668 pcc
773 1610 814 1664 se,
830 1610 923 1668 neque
941 1610 993 1669 per
1007 1594 1150 1667 accidens,
1164 1595 1188 1654 si
1204 1596 1313 1672 peripa-

188 1715 275 1774 tetice
289 1713 457 1785 sentiamus,
472 1714 536 1772 ideo
551 1732 607 1772 non
623 1715 679 1774 erit
692 1714 782 1785 locus,
793 1713 882 1790 juxta
897 1714 1018 1773 allatam
1030 1713 1084 1774 loci
1101 1714 1311 1788 definitionem,

189 1838 248 1896 ullo
264 1841 356 1913 pacto.
369 1835 414 1912 (3)
426 1835 509 1902 Quod
524 1836 612 1894 aliam
627 1835 663 1892 ad
679 1835 736 1893 hoc
755 1833 909 1894 servitium
923 1833 997 1893 velis
1011 1833 1066 1892 loci
1078 1835 1229 1910 assignare
1243 1834 1318 1894 detl-

188 1958 335 2016 nitionem:
350 1955 389 2016 sit
404 1955 500 2033 (rogo)
515 1973 589 2030 quae
604 1955 646 2013 illi
661 1956 825 2027 conveniat,
842 1973 897 2013 non
914 1972 968 2031 pec
985 1955 1130 2028 accidens,
1144 1958 1195 2017 sed
1209 1973 1263 2035 per
1275 1975 1317 2017 se.

227 2081 339 2139 Horum
357 2079 558 2138 universorum
580 2077 676 2136 nullus
699 2076 845 2152 Aquinate
870 2075 976 2134 melius
1006 2074 1061 2133 loci
1084 2075 1317 2136 immobilitatem

186 2203 361 2272 excusavit,
377 2201 426 2277 qui
442 2199 508 2258 hinc
523 2199 640 2274 quidem
665 2215 716 2273 pro
731 2197 878 2257 materiali
897 2199 1047 2274 quodam,
1065 2199 1108 2277 (4)
1129 2200 1159 2258 in
1173 2198 1237 2258 loco
1252 2217 1318 2258 cor-

186 2329 264 2405 poris
280 2326 457 2386 continentis
471 2326 583 2401 accepit
597 2321 791 2399 superficiem,
805 2322 872 2380 inde
889 2339 958 2381 vero
974 2321 1119 2394 formale,
1141 2321 1315 2382 distantiam

185 2449 313 2519 scilicet,
328 2447 460 2508 ordinem
475 2450 504 2506 et
518 2445 718 2504 habitudinem
735 2489 742 2516 ,
768 2461 855 2520 quam
878 2443 1050 2521 superficies
1072 2443 1122 2503 illa
1136 2444 1252 2505 obtinet
1277 2445 1315 2505 ad

185 2569 328 2636 centrum,
339 2564 430 2640 polos,
446 2567 476 2622 et
490 2562 620 2622 universi
642 2560 783 2620 extimam
798 2561 992 2638 superficiem.
1016 2561 1062 2622 Ex
1076 2563 1163 2640 hujus
1183 2579 1254 2639 ergo
1267 2579 1317 2622 ra·

185 2688 273 2759 tione,
295 2686 371 2762 quod
400 2685 565 2744 formaliter
590 2665 636 2744 est
658 2683 688 2741 in
713 2684 777 2742 loco
799 2682 947 2741 immobile
967 2682 1105 2758 quiddam
1121 2682 1315 2760 judicandum

184 2812 248 2878 est,
275 2806 362 2882 idque
388 2807 425 2864 ab
449 2803 621 2864 Aristotelis
643 2821 731 2865 sensu
753 2822 810 2862 uon
831 2804 989 2862 abhorrere
1018 2804 1133 2881 probat,
1153 2819 1192 2861 ex
1212 2820 1247 2861 eo
1277 2801 1308 2861 id

184 2925 278 2999 ipsum
303 2923 450 2995 innuente,
471 2924 546 2999 quod
571 2940 731 2981 concavum
756 2923 842 2981 lunae
867 2939 994 2993 sursum,
1009 2927 1039 2982 et
1055 2926 1188 2982 centrum
1213 2926 1311 2982 terrae

184 3043 320 3101 deorsum
344 3040 505 3100 immobilia
526 3045 602 3099 sunt.
625 3040 742 3115 Exque
765 3058 835 3099 saue
856 3040 1054 3118 propositione
1082 3060 1141 3100 uon
1155 3041 1232 3102 male
1247 3041 1316 3118 qui·

184 3165 250 3222 dam
274 3163 428 3239 presbyter
449 3161 655 3238 peripateticus
675 3162 745 3220 solis
765 3163 917 3223 elementis
938 3163 1044 3236 locum,
1067 3163 1116 3240 qui
1141 3166 1179 3223 ab
1194 3163 1315 3224 Aristo-

184 3293 242 3352 tele
266 3292 402 3352 definitur
426 3290 484 3368 (5),
499 3290 659 3350 convenire
682 3289 733 3364 ait,
759 3294 790 3350 et
810 3291 900 3368 juxta
921 3291 1118 3351 definitionem
1141 3291 1222 3349 illam
1243 3306 1314 3348 coe·

181 3412 242 3471 lum
259 3431 309 3488 pro
323 3412 461 3484 secunda,
476 3419 565 3487 atque
579 3413 669 3472 tertia
683 3413 908 3489 significatione,
930 3433 987 3473 non
1004 3432 1068 3474 esse
1090 3416 1119 3474 in
1133 3414 1198 3474 loco
1212 3413 1312 3473 habet.

184 3533 241 3590 Sed
258 3536 390 3606 urgetur:
413 3551 471 3609 quo
494 3531 608 3592 coelum
631 3539 787 3593 moveatur
806 3533 965 3593 secundum
986 3536 1103 3608 locum3
1124 3541 1155 3595 et
1168 3533 1312 3613 quomodo

184 3650 220 3707 de
242 3649 303 3708 loco
318 3649 447 3709 extimae
461 3652 626 3729 superficiei
655 3653 771 3712 dubitet
792 3653 976 3715 Aristoteles.
997 3655 1055 3714 Sed
1076 3657 1113 3715 ad
1138 3655 1312 3734 Aquinatem

209 3840 238 3892 (1)
250 3840 281 3880 ln
292 3841 379 3891 virecta
389 3854 468 3885 irranca
478 3843 514 3885 nel
523 3849 588 3895 testo,
599 3842 627 3884 ed
638 3842 650 3883 e
662 3848 787 3898 opportuna
796 3853 810 3886 a
819 3842 922 3896 chier-ire,
936 3842 978 3886 obe
992 3843 1010 3886 ai
1020 3849 1089 3886 tracta
1104 3843 1125 3885 dt
1134 3854 1178 3886 uua
1187 3854 1262 3886 nuova
1270 3842 1311 3886 ob·

184 3938 287 3980 biezionc.

211 4035 240 4088 (1)
252 4036 266 4076 11
276 4044 333 4077 renco
345 4036 373 4077 ba
384 4036 420 4090 qui
430 4048 473 4079 unu
485 4037 581 4091 virgota,
590 4049 603 4078 e
612 4038 633 4080 ci
643 4049 673 4080 ua
682 4049 711 4080 un
726 4035 898 4090 interrogativo.

210 4130 240 4181 (3)
251 4129 290 4170 Nol
301 4137 359 4170 testo
369 4132 389 4171 c'
400 4132 412 4169 ὸ
423 4142 467 4172 una
477 4130 570 4182 virgula.

210 4224 240 4277 (1)
252 4224 333 4267 blanca
341 4224 361 4267 lu
372 4225 464 4278 virgula,
476 4226 502 4268 ed
519 4226 667 4269 enecessaria
679 4237 718 4280 pcr
727 4233 835 4269 monuere
846 4225 887 4269 cbo
900 4231 977 4280 questo
988 4237 1033 4279 pro
1048 4228 1166 4269 cauteriati
1181 4228 1193 4269 t
1204 4227 1226 4270 in
1241 4227 1310 4271 corri-

185 4318 310 4371 epondeuaa
319 4319 353 4362 del
363 4322 462 4371 formale
469 4320 511 4363 che
521 4321 585 4365 virne
594 4334 709 4378 appresso.

208 4412 333 4465 (spoueeta
343 4414 429 4468 virgola
439 4427 451 4456 e
461 4415 482 4458 la
489 4415 623 4470 precedente
632 4429 742 4461 maome
750 4418 786 4463 nel
796 4425 860 4463 testo
