3442 5108
761 331 937 391 ‚221-

298 531 410 605 quanto
430 537 530 582 eoram
551 522 648 579 motus
669 517 842 580 differentiis
863 535 965 577 sensus
986 516 1082 575 minus
1106 518 1194 593 atqua
1214 514 1335 578 minime
1354 536 1419 578 mo·

295 654 393 709 vetur.

335 760 506 826 astronomi
536 759 628 818 nostri
649 758 790 836 temporis
811 757 958 836 (quorum
981 757 1073 816 Thieo
1104 759 1204 818 Danus
1224 757 1421 818 nobilissimus

296 885 385 957 atquo
406 874 553 956 prinecps)
574 873 647 934 talia
667 876 703 934 de
723 873 843 933 cometis
865 873 956 952 (quos
977 891 1029 931 uos
1052 873 1180 932 occultas
1208 875 1342 934 Tellures
1366 892 1416 933 scu

295 1003 376 1058 astra
391 992 583 1070 intelligimus
595 1010 667 1064 esse,
679 991 746 1067 qnia
761 992 796 1050 ad
819 990 1029 1069 oppositionem
1051 993 1231 1069 specularem
1244 991 1315 1071 (qua
1325 994 1379 1053 fiat
1388 993 1418 1051 in

297 1121 339 1179 eis
353 1119 478 1195 angulus
500 1113 775 1192 repraesentationis
790 1131 807 1171 a
822 1112 883 1171 sole
904 1112 940 1170 ad
962 1117 1092 1171 nostrum
1114 1113 1220 1184 visum)
1235 1131 1302 1172 raro
1331 1114 1420 1172 deve-

296 1243 394 1318 niunt)
408 1240 480 1301 talia
495 1239 530 1296 de
544 1236 666 1296 cometis
680 1237 844 1297 certissime
865 1236 996 1296 referunt
1016 1241 1216 1309 attestantur,
1230 1245 1261 1298 ut
1278 1256 1334 1295 non
1349 1254 1417 1313 pos-

296 1365 391 1424 sintin
401 1380 434 1421 ea
446 1359 570 1436 amplius
584 1375 650 1416 cum
665 1356 752 1432 vulgo
765 1357 822 1415 fide
834 1357 1001 1428 consistere,
1011 1375 1068 1433 qua
1079 1357 1280 1417 accensionum
1296 1356 1420 1415 matoria

296 1486 372 1545 inter
386 1481 466 1541 illam
482 1479 598 1554 igneam
619 1481 648 1536 et
663 1476 793 1535 infimam
815 1479 891 1537 aeris
913 1479 1060 1555 regionem
1081 1497 1204 1538 aceensa
1225 1480 1420 1557 praedicetur.

296 1600 352 1659 Sed
370 1601 405 1658 de
426 1599 461 1656 iis
482 1594 568 1667 infra,
581 1594 640 1653 alio
661 1595 690 1652 in
707 1594 769 1652 loco
784 1594 876 1655 fusius
891 1596 1074 1656 disseremus.
1089 1596 1175 1657 Nunc
1190 1597 1261 1657 satis
1282 1595 1417 1672 estquod

295 1725 398 1800 pereat
419 1719 492 1779 illud
508 1736 562 1776 non
579 1717 679 1789 fissile,
693 1737 749 1776 non
764 1720 944 1795 penetrabile
957 1722 1080 1780 coelum:
1098 1720 1145 1779 uni
1161 1725 1241 1780 astro
1254 1723 1301 1779 tot
1315 1721 1421 1797 sphae-

297 1858 397 1900 rarum
414 1838 566 1898 inuoluera
585 1855 649 1896 cum
664 1838 821 1916 epieyclis,
842 1846 872 1900 et
894 1843 1064 1919 epieyclulis
1085 1844 1230 1920 obligata:
1251 1849 1281 1902 et
1301 1841 1422 1919 incipiet

296 1958 378 2017 nobis
400 1957 451 2015 via
473 1955 524 2013 illa
545 1955 662 2028 offendi,
684 1961 714 2014 et
730 1959 823 2033 janua
842 1960 892 2018 illa
913 1960 1067 2037 adaperiri,
1083 1979 1140 2037 qua
1154 1961 1326 2037 colligamen
1348 1958 1419 2017 illud

297 2075 394 2136 octavi
410 2075 525 2135 mobilis
547 2091 612 2134 cum
627 2075 809 2136 assecutione
829 2098 931 2138 sensus
946 2099 1048 2140 eorum
1063 2086 1203 2155 motuum,
1219 2081 1268 2158 qui
1283 2084 1351 2140 sunt
1365 2081 1419 2138 hu·

292 2198 344 2274 jus
360 2199 438 2273 quod
454 2197 608 2255 incolimus
624 2197 709 2269 astri,
724 2197 879 2274 dispereat.
901 2200 984 2260 Unde
1005 2201 1210 2260 celeberrimus
1231 2201 1280 2259 ille
1296 2202 1419 2258 naturae

297 2314 401 2373 vultus
421 2314 529 2373 sensim
552 2312 672 2390 incipiat
686 2314 856 2375 enitescere.

743 2542 886 2608 CAPUT
919 2545 975 2609 Vl.

352 2753 433 2797 l'nriae
444 2753 641 2808 Peripateticorum
652 2752 773 2808 principum
784 2754 811 2796 dc
821 2754 929 2798 locatione.
945 2757 1043 2800 universi
1055 2750 1198 2810 assertiones,
1208 2766 1228 2799 ct
1238 2757 1265 2799 de
1273 2770 1299 2800 eo
1309 2756 1366 2811 quod

536 2848 585 2891 fluit
595 2849 727 2891 universnm.
736 2849 793 2905 qnod
802 2863 872 2906 nequa
882 2851 943 2894 locus
952 2853 981 2895 sit
991 2866 1061 2909 neque
1072 2853 1179 2909 spacium.

389 3028 472 3092 Huic
496 3031 603 3113 spacio
628 3031 756 3113 cupiens
773 3031 960 3116 Stagiraens
984 3033 1104 3119 tingere
1129 3033 1223 3098 finem

343 3156 495 3221 Promere
527 3176 588 3220 non
613 3162 718 3241 potuit
740 3158 871 3225 valeant
894 3163 946 3245 qni
970 3163 1080 3227 sistere
1103 3183 1223 3239 muros;

347 3291 388 3355 m
412 3310 568 3374 quaerens
592 3291 645 3356 ubi
668 3294 732 3358 sint
755 3294 825 3358 axis
849 3315 998 3360 convexa
1020 3298 1169 3380 supremi,

343 3422 441 3486 Nulla
467 3442 538 3485 eam
563 3421 652 3500 facie,
677 3444 777 3507 neque
801 3445 932 3510 corpore
957 3429 1170 3503 contineatur,

349 3553 415 3617 Nec
438 3553 556 3637 spacio,
582 3573 638 3616 nec
663 3553 758 3629 inani,
784 3555 848 3618 ullo
873 3578 972 3641 neque
996 3558 1034 3622 de
1058 3579 1175 3642 genere
1198 3558 1313 3623 horum

346 3679 439 3754 Quod
465 3681 571 3763 capiat
595 3681 772 3764 quiequam,
799 3683 848 3747 uel
872 3684 955 3767 quod
979 3685 1206 3770 comprendere
1230 3685 1338 3769 possit:

344 3808 381 3872 In
406 3827 439 3870 so
464 3806 624 3873 concludit
647 3808 838 3898 (pueriliter)
860 3833 930 3877 esse
952 3812 1101 3879 locatum.

345 3934 378 3999 Si
401 3939 489 3998 caret
511 3941 667 4010 extremo,
691 3937 817 4002 subtilis
842 3943 987 4005 ilvcroes
1011 3942 1122 4024 iuquit,

350 4061 501 4127 Machina
525 4068 593 4128 tota
618 4064 697 4143 loca,
723 4075 868 4134 centrum
894 4072 945 4136 cui
969 4073 1126 4152 innititur,
1150 4078 1229 4151 est03

347 4190 408 4256 Vel
432 4191 577 4274 geminus
601 4192 698 4257 cardo
723 4214 874 4282 magnum
897 4199 950 4282 qui
974 4199 1126 4266 terminat
1142 4200 1189 4283 (ll
1213 4222 1320 4267 axem.

331 4400 363 4457 (l)
377 4401 427 4444 coa
437 4400 451 4443 il
460 4407 524 4446 testo:
536 4401 617 4458 meglio
623 4402 652 4446 mi
663 4403 770 4458 parrebbe
780 4407 894 4450 terminet.
