3442 5108
756 293 1003 376 -138-'

297 506 416 582 cedat.
433 505 474 581 ln
494 505 538 580 iis
558 504 699 590 itidem,
715 529 809 605 quae
837 503 1024 604 pelluntur
1044 500 1267 596 voluntarie,
1288 506 1420 580 elnon

286 654 379 707 euru
392 629 547 721 ratione,
559 626 615 731 (l)
628 628 717 703 dicit
727 627 947 704 Aristoteles
963 627 1142 703 virtutem
1153 627 1294 729 acquiri
1308 653 1332 704 a
1344 652 1420 706 me-

294 753 354 838 uio
388 759 486 843 ae're,
501 750 562 826 vel
581 750 667 842 alio,
683 773 768 826 oum
796 750 918 850 potius
939 751 984 825 ab
1004 774 1047 826 eo
1066 749 1335 851 impediantur3
1355 752 1421 828 sed

293 878 426 980 ipsum,
449 877 546 978 quod
565 875 693 967 fertur,
714 876 880 951 innatam
901 875 959 951 vel
979 876 1198 976 impressam
1212 877 1326 954 habet
1344 877 1418 954 vir-

294 1007 424 1094 tutem,
449 1028 521 1102 qua
549 1003 595 1077 ad
614 1001 714 1077 illanr
734 1000 804 1077 loci
823 1000 1080 1092 differentiani,
1109 1003 1156 1078 ad
1175 1027 1288 1106 quam
1307 1003 1418 1106 pelli-

294 1134 367 1220 tur,
405 1129 559 1220 feratur,
592 1152 687 1228 quae
721 1128 839 1202 uirtus
873 1127 1053 1229 impressa
1085 1129 1249 1230 quandiu
1282 1130 1419 1225 durat,

292 1253 423 1329 tandiu
443 1250 557 1355 pellit:
578 1257 619 1328 ut
639 1252 700 1328 ubi
719 1252 801 1353 quis
820 1250 934 1352 pilam
954 1277 1104 1329 sursum
1127 1253 1257 1355 jaciat,
1282 1254 1336 1330 illi
1363 1254 1420 1332 le-

293 1380 402 1456 vitati
422 1378 697 1482 proportionale
716 1377 923 1480 impressit3
944 1377 991 1454 ad
1010 1381 1117 1479 cujus
1136 1383 1238 1456 oerte
1269 1379 1421 1458 lationis

292 1503 537 1580 differentiam
563 1502 657 1579 nihil
675 1503 763 1579 faoit
781 1503 956 1594 inedium,
976 1503 1145 1603 quamvis
1175 1504 1222 1580 ad
1240 1503 1421 1582 lationem

292 1631 506 1733 simpliciter
532 1631 580 1706 sit
598 1630 861 1722 necessarium,
882 1630 981 1731 quia,
1001 1629 1072 1706 uisi
1092 1630 1141 1705 sit
1160 1631 1334 1732 spatium,
1354 1656 1421 1733 per

293 1756 390 1859 quod
419 1757 570 1846 feratur,
591 1755 693 1832 nulla
720 1755 809 1832 latio
829 1779 909 1830 esse
928 1758 1061 1855 potest.
1081 1754 1165 1830 Non
1183 1760 1310 1831 tamen
1336 1755 1420 1833 ideo

191 1928 194 1932 -
293 1881 373 1980 ejus
402 1883 458 1955 est
477 1879 629 1955 definire
648 1884 799 1980 propter
828 1878 914 1980 quid
943 1879 1040 1979 quod
1067 1878 1279 1955 movebitur
1307 1878 1422 1955 stabit

292 2003 438 2080 alicubi.

344 2129 404 2205 Ex
418 2131 489 2206 hoo
514 2129 641 2231 igitur,
662 2128 757 2230 quod
778 2153 939 2204 vacuum
962 2126 1101 2203 nullam
1121 2128 1236 2205 habet
1253 2126 1422 2204 differen-

291 2252 395 2346 tiarn,
428 2279 503 2331 non
522 2278 673 2329 neeesse
692 2257 747 2329 est
767 2278 924 2354 corpora
952 2254 988 2328 in
1011 2278 1130 2330 vacuo
1156 2253 1421 2355 quiescerent

292 2378 440 2455 videtur
472 2379 676 2470 Aristoteli,
706 2379 767 2454 sed
787 2405 854 2481 por
873 2405 1046 2472 vaeuuru,
1077 2380 1137 2455 vel
1164 2406 1186 2455 a
1216 2382 1323 2456 motu
1351 2379 1420 2456 sibi

292 2504 511 2580 naturaliter
542 2504 601 2580 vel
621 2504 694 2579 uu
715 2505 858 2580 ratione
886 2505 1000 2580 indito
1025 2530 1099 2579 non
1127 2505 1311 2607 impediri,
1333 2505 1421 2606 quia

294 2629 401 2705 vacui
428 2634 590 2722 nonest,
611 2636 653 2706 ut
671 2635 812 2705 motuni
842 2631 1073 2724 determinet,
1095 2631 1158 2705 sed
1178 2636 1220 2707 ut
1240 2631 1289 2706 sit
1315 2629 1418 2720 illud,

293 2755 331 2830 in
351 2780 435 2857 (luo,
461 2755 519 2831 vel
535 2781 600 2856 per
619 2756 717 2857 quod
736 2754 782 2831 ali
790 2756 835 2832 ud
855 2756 1033 2858 quiescat,
1054 2755 1113 2832 vel
1132 2756 1421 2847 1uoveatur,vel

294 2889 336 2956 ut
354 2884 485 2956 natum
503 2885 560 2956 est
584 2881 791 2969 solabere,
811 2880 868 2985 (9)
888 2908 953 2982 per
972 2908 1011 2957 se
1032 2882 1177 2983 ipsum,
1199 2880 1258 2956 vel
1281 2880 1421 2956 adalia

295 3031 375 3082 sese
394 3006 542 3082 habeat.
566 3008 683 3083 lnrnro
709 3008 783 3084 lale
810 3008 1030 3084 naturaliter
1059 3013 1204 3111 oportet
1232 3032 1313 3084 esse
1341 3032 1421 3110 spa·

293 3131 399 3223 tium,
426 3133 533 3233 quale
567 3160 652 3210 curn
670 3134 810 3211 nullam
839 3136 885 3210 ad
912 3142 1056 3212 nrotuin
1083 3134 1328 3212 differentiani
1356 3135 1421 3210 ha·

293 3260 390 3352 beat,
411 3259 472 3335 vel
490 3260 613 3354 faeiat,
642 3286 718 3338 non
736 3262 857 3362 magis
886 3261 1010 3338 faueat
1029 3287 1113 3354 una,
1143 3285 1255 3362 quarn
1273 3261 1345 3337 alia
1364 3284 1421 3335 ra-

294 3384 395 3461 tione
413 3385 537 3461 motis:
556 3411 631 3462 non
654 3386 770 3488 magis
798 3386 855 3478 iis,
876 3412 970 3488 quae
990 3393 1200 3480 moventur,
1230 3411 1341 3488 quam
1360 3386 1417 3478 iis;

295 3534 390 3613 (luae
409 3511 614 3613 quiescunt
632 3520 668 3589 et
687 3512 767 3588 ideo
794 3513 966 3616 spatium,
978 3540 1044 3614 per
1059 3514 1155 3616 quod
1172 3538 1230 3588 res
1244 3511 1421 3588 naturali-

294 3641 352 3712 ter
370 3643 604 3733 moveantur,
616 3639 738 3741 potius
754 3639 862 3716 debet
881 3639 1039 3740 intelligi
1057 3664 1341 3740 uacuumquarn
1354 3645 1420 3714 a'or

296 3759 457 3855 aliudve,
486 3766 584 3865 quod
611 3765 774 3857 resistat,
803 3765 865 3842 vel
892 3765 1021 3842 cedere
1050 3767 1190 3842 debeat.
1211 3765 1284 3841 Sed
1313 3765 1420 3841 deoet

336 4009 383 4093 (1)
408 4011 432 4071 ll
446 4013 568 4074 Gsrorer
591 4014 737 4092 sopprime
761 4019 866 4090 questa
886 4015 1003 4092 virgola
1027 4036 1043 4075 o
1063 4015 1081 4073 l·
1094 4023 1132 4087 et,
1146 4015 1218 4074 oh'e
1239 4015 1413 4092 aprincipio

296 4110 374 4170 della
393 4110 480 4185 frose,
495 4131 511 4171 e
525 4113 609 4190 legge
621 4134 628 4170 :
640 4131 658 4172 u
672 4131 736 4173 non
750 4131 822 4173 eum
844 4116 967 4173 ratione
979 4115 1055 4173 dicit
1074 4115 1255 4175 Aristoteles
1269 4134 1296 4175 a.
1313 4114 1359 4174 ilo
1374 4115 1418 4173 ri·

298 4215 448 4271 scontrato
461 4211 484 4269 il
498 4216 574 4272 testo
589 4212 618 4271 di
634 4211 806 4284 Aristotele,
819 4229 836 4270 e
849 4211 879 4270 la
894 4214 1060 4273 correziouo
1074 4220 1090 4272 e
1105 4214 1214 4290 giusta.

337 4307 381 4388 (2)
395 4310 420 4370 ll
432 4310 554 4372 Gfrtrer
568 4310 716 4388 sopprime
730 4315 835 4387 questa
850 4311 974 4388 virgolu.
