3442 5108
343 550 1239 662 Jonnnuranuurnonnnn'

453 805 508 867 DE
539 799 727 865 MAXIMO
759 800 815 862 ΕΤ
847 799 1067 863 luunuso

568 1195 809 1291 LIBER
843 1194 948 1288 ΙΙΙ.

674 1618 817 1687 CAPUT
841 1619 866 1683 Ι.

225 1851 257 1895 Ut
267 1850 467 1907 Peripateticorum
478 1849 622 1905 similiumque
632 1849 824 1905 philosophanlum
833 1858 915 1889 sensus
930 1857 944 1888 a
957 1845 1069 1902 principiis
1079 1845 1168 1901 perinde
1178 1858 1203 1889 se
1213 1845 1297 1889 hubent

249 1953 318 2001 atque
329 1956 447 2000 puerorum
457 1955 462 1986 :
474 1956 530 1999 quos
539 1944 615 1986 eodem
625 1942 771 1986 instituendos
780 1941 856 1985 enline
865 1940 1006 1995 suscipimus,
1021 1953 1064 1996 quo
1074 1952 1114 1982 uos
1131 1940 1214 1995 optima
1224 1947 1296 1982 nsater

250 2035 331 2079 erudiit
341 2042 429 2079 nutura.

285 2213 339 2279 Sic
365 2211 524 2297 quondam
549 2231 648 2296 puero
672 2210 760 2288 mihi,
785 2230 876 2274 mons
899 2228 1089 2294 peramoene
1113 2207 1322 2294 Cicadae‚(l)

239 2338 319 2409 Cum
347 2341 505 2427 gremium
530 2338 656 2425 geniale
680 2343 771 2403 tuum
795 2340 961 2423 primaeva
984 2337 1111 2404 foveret

239 2466 382 2544 Viscera,
409 2467 546 2532 blandiri
572 2472 628 2533 tua
652 2466 773 2530 lumina
796 2471 910 2530 sancta
933 2463 1095 2529 recordor.

239 2593 283 2660 Ul
306 2591 413 2658 fueras
442 2592 574 2666 hedera,
599 2596 632 2657 et
656 2592 754 2656 ramis
778 2589 942 2656 redimitus
966 2589 1074 2657 olivae

240 2719 282 2784 Et
308 2721 409 2797 corni,
433 2724 467 2786 et
490 2719 582 2796 lauri,
606 2726 639 2785 et
662 2717 795 2804 myrthi,
819 2718 964 2801 rurisque
987 2717 1114 2793 marini,

240 2849 401 2916 Castanea
427 2850 681 2930 circumcinctus,
706 2868 835 2933 quercu,
859 2846 985 2932 popule,
1009 2845 1106 2922 ulmo,

239 2979 396 3065 Conjugio
426 2977 573 3044 uviferae
597 2979 672 3044 vitis
695 2976 849 3054 felicibus,
873 2981 971 3060 utque

239 3107 369 3172 Ruvida
393 3107 539 3192 porrexit
561 3111 691 3172 tenerae
715 3107 824 3170 manui
848 3124 963 3170 manus
987 3125 1096 3186 uvam,

239 3234 343 3300 Iudice
367 3233 528 3299 distencto
549 3233 631 3300 dixti
653 3233 749 3297 mihi:
774 3234 896 3318 respice
920 3232 961 3297 ad
984 3239 1140 3309 austrum,

239 3365 373 3449 Respice
398 3382 590 3449 germanum
614 3363 690 3427 mihi
713 3362 754 3428 ab
777 3364 832 3428 illa
854 3369 945 3449 parte
970 3356 1145 3429 Vese'vum.

238 3493 416 3558 Germanus
443 3511 540 3568 meuS,
566 3491 616 3556 ille
641 3491 697 3557 tihi
719 3511 844 3576 quoque
868 3494 941 3560 vult
963 3493 1063 3559 bene:
1088 3494 1214 3560 credis?

238 3619 271 3684 Si
297 3625 328 3682 te
352 3618 426 3683 illuc
449 3620 586 3694 mittam,
611 3639 696 3685 nunc
719 3619 788 3686 die:
815 3624 865 3685 vis
889 3621 960 3685 irel
984 3624 1125 3688 manebis

237 3749 380 3833 Cumque
406 3751 457 3814 illo
483 3751 626 3835 posthac.
651 3751 776 3816 Vitreis
800 3758 877 3817 lunc
901 3775 1014 3818 vernus
1037 3758 1160 3835 ocellis,

238 3874 453 3958 Prospectans
479 3871 615 3937 sormam
640 3872 815 3955 informem,
841 3876 1047 3961 relegensque
1072 3879 1208 3965 figuram

238 4011 340 4076 Furni
364 4010 534 4074 dumtaxat
557 4008 691 4074 cumuli:
717 4006 813 4072 durse
838 4009 889 4073 ille
914 4010 1066 4094 repando,

237 4139 322 4216 Dixi,
348 4138 398 4201 ille
422 4139 577 4201 incurvus
600 4135 731 4201 ‹lenmto
756 4148 894 4220 tergore,
919 4136 1042 4201 coelum

240 4267 433 4351 Conliguum
459 4263 601 4329 lindensl
627 4270 694 4331 toto
718 4263 898 4330 discrimine
922 4266 1030 4330 mundi

219 4473 249 4532 ll)
258 4472 275 4519 Il
285 4479 359 4520 moute
368 4472 453 4529 Cicuta,
465 4471 487 4516 ‹li
496 4471 533 4517 eui
543 4470 581 4530 qul
589 4471 608 4515 si
616 4469 687 4530 paria,
697 4472 709 4513 e
719 4468 794 4514 vicino
803 4482 818 4514 a
828 4469 893 4527 Nola,
902 4485 915 4516 ο
924 4470 1050 4530 imapum
1060 4469 1081 4518 tl
1093 4472 1197 4517 Vesuvio.

1107 4560 1146 4617 40
