3442 5108
791 346 968 411 -358-
1060 396 1063 413 .

352 482 435 550 Quod
449 483 539 546 tellus
553 485 696 560 medians,
710 494 844 566 respectu
859 491 929 552 solis
943 493 1065 556 orientia
1085 498 1117 556 et
1136 497 1305 573 occidentis,
1327 498 1440 561 dicitur

312 610 435 681 propter
448 608 581 667 umbram
599 608 762 686 aequalem,
778 629 866 687 quam
886 613 928 673 sol
944 614 1041 676 oriens
1061 615 1091 676 in
1105 623 1212 695 puncto
1226 617 1252 677 G
1266 619 1385 698 projicit
1399 640 1439 682 ex

312 746 457 804 gnomone
471 730 524 790 CH
539 749 615 807 quae
629 737 675 793 est
688 732 747 808 OD,
762 737 792 795 ei
804 720 926 798 umbrae
937 755 1025 814 quam
1039 739 1083 799 sol
1099 741 1233 801 occidens
1249 741 1279 800 in
1291 746 1399 819 puncto
1411 744 1438 803 Ε

314 851 441 928 projicit,
452 870 557 930 nempe
567 854 624 915 CB.
637 855 697 914 Per
709 860 809 916 nostra
820 856 973 936 principia,
985 858 1152 937 positiones,
1168 866 1256 938 atque
1271 862 1309 942 (si
1324 861 1437 942 mavis)

309 972 533 1050 suppositiones,
544 975 632 1035 tellus
645 976 670 1035 B
681 976 709 1036 H
720 977 745 1036 D
758 978 772 1037 I
785 983 922 1039 movetur
933 980 1011 1041 circa
1021 980 1169 1058 proprium
1183 985 1316 1041 centrum
1327 981 1360 1055 G,
1371 1000 1437 1042 ma·

309 1100 396 1155 nente
410 1096 472 1157 sole
493 1096 522 1156 in
543 1099 579 1158 Α.
595 1098 680 1158 Unda
695 1099 802 1160 accidit
824 1101 907 1161 utin
928 1119 1100 1180 quacunque
1121 1101 1160 1163 sit
1172 1102 1237 1181 ipsa
1258 1102 1401 1164 distantia
1414 1120 1434 1161 a

309 1221 381 1294 sole,
396 1222 554 1282 dummodo
568 1222 612 1283 sol
627 1225 657 1283 et
671 1227 804 1283 centrum
819 1222 841 1283 G
856 1226 992 1297 maneat,
1006 1224 1106 1285 radius
1117 1224 1239 1286 orientis
1252 1224 1305 1285 BA
1318 1270 1326 1298 ,
1340 1227 1371 1284 et
1384 1241 1434 1284 ra-

307 1344 373 1405 dius
391 1343 553 1405 occidentis
564 1345 618 1404 DA
633 1349 720 1405 crunt
733 1345 878 1422 aequales.
890 1347 985 1405 Porro
1007 1363 1101 1422 neque
1121 1344 1282 1405 secuudum
1296 1362 1341 1419 ea,
1356 1362 1434 1423 quae

307 1463 337 1522 in
353 1462 471 1539 vulgari
486 1463 668 1541 philosophia
682 1467 751 1524 sunt
765 1463 876 1541 posita,
891 1466 995 1523 umbra
1009 1467 1185 1542 potestesse
1206 1462 1356 1541 aequalis,
1381 1462 1434 1522 im·

306 1600 354 1642 mo
373 1599 469 1658 neque
483 1583 520 1641 ab
534 1581 602 1641 ullis
616 1580 728 1642 duobus
742 1580 866 1659 punctis,
881 1599 1006 1657 quorum
1022 1581 1099 1642 alter
1112 1581 1247 1658 capiatur
1258 1587 1327 1641 ante
1341 1581 1434 1639 meri·

305 1701 392 1772 diem,
410 1699 487 1758 alter
501 1703 568 1778 post
581 1698 746 1760 meridiem:
761 1699 830 1776 quia
846 1698 889 1759 sol
910 1698 959 1775 qui
974 1699 1071 1759 oritur
1092 1717 1110 1758 a
1130 1704 1239 1777 puncto
1253 1701 1280 1760 G
1292 1716 1350 1758 non
1361 1697 1434 1758 facit

305 1815 521 1877 semicirculum
535 1817 623 1894 perA
640 1817 670 1874 in
686 1816 720 1888 E,
734 1817 785 1875 sed
800 1817 908 1877 transit
921 1833 974 1894 per
988 1823 1129 1895 punctum
1141 1818 1218 1879 citra
1230 1818 1281 1878 vel
1295 1819 1377 1879 ultra
1391 1819 1428 1890 A,

304 1939 380 1997 unde
398 1939 537 2015 procedat
550 1937 580 1997 in
594 1958 728 1999 oceasum
750 1938 826 1998 citra
846 1938 893 1999 vel
913 1939 992 1998 ultra
1006 1939 1047 2012 E,
1062 1956 1235 2001 reversurus
1253 1941 1290 2000 ad
1307 1939 1430 2001 orientis

304 2063 444 2138 punctum
458 2060 533 2119 citra
547 2061 593 2119 vel
608 2061 689 2122 ultra
702 2059 738 2122 G.
758 2061 800 2120 At
813 2077 884 2119 varo
898 2059 928 2119 io
943 2059 1040 2118 halica
1059 2077 1110 2119 seu
1126 2059 1228 2138 spirali
1251 2059 1430 2137 hujusmodi,

303 2198 390 2258 quem
410 2181 509 2258 capies
530 2181 770 2241 semicirculuml
795 2198 936 2257 quosnam
952 2181 1026 2241 duos
1050 2181 1187 2258 accipies,
1207 2197 1226 2239 a
1245 2179 1428 2240 meridianae

303 2320 390 2379 quam
404 2301 580 2362 constituisti
594 2303 689 2363 lineae
702 2305 810 2380 puncto
824 2303 861 2375 A,
875 2303 1013 2378 aequales
1028 2319 1113 2360 arcus
1127 2300 1139 2358 i
1159 2299 1230 2360 Cum
1247 2301 1296 2360 vel
1311 2301 1357 2360 sol
1372 2299 1427 2360 tibi

301 2428 398 2504 gyret,
412 2425 459 2486 vol
474 2424 546 2484 mihi
557 2425 645 2485 tellus
655 2425 832 2500 invertatur,
846 2423 890 2484 sol
901 2424 938 2483 ad
950 2423 1197 2484 semicircularem
1210 2422 1425 2501 oppositionem

302 2562 357 2602 non
372 2542 466 2602 oritur
481 2545 510 2601 et
524 2542 639 2614 occidit3
651 2560 742 2618 neque
757 2543 794 2600 ad
809 2540 983 2600 circularem
998 2559 1103 2600 rursus
1117 2539 1309 2600 reflexionem
1323 2539 1422 2599 exori-

300 2662 496 2725 turcontinue
510 2664 547 2723 ad
564 2682 651 2724 unum
667 2664 714 2723 vel
729 2664 765 2723 ad
781 2662 908 2722 alterum
919 2678 949 2720 se
961 2662 1135 2722 inflectendo
1147 2661 1305 2739 tropicum.
1316 2661 1374 2749 Sed
1389 2662 1426 2722 de

300 2787 355 2845 hoc
369 2785 454 2846 alias.

340 2908 468 2968 Proinde
483 2912 514 2969 et
526 2908 600 2968 illud
621 2905 796 2978 addendum,
811 2902 1056 2982 quemadmodum
1071 2901 1143 2961 haec
1157 2898 1332 2973 differentia,
1349 2915 1425 2975 quae

300 3048 357 3090 non
371 3029 465 3090 multa
478 3034 523 3091 eet
538 3047 576 3090 ex
589 3028 774 3088 revolutione
795 3027 881 3087 unius
900 3024 968 3096 diei,
986 3042 1101 3100 semper
1115 3021 1211 3098 magis
1226 3026 1314 3098 atquc
1328 3022 1425 3099 magis

298 3145 419 3206 evidens
431 3146 624 3218 afficiatur,ut
637 3145 725 3204 etiam
737 3144 811 3204 bene
825 3139 1010 3220 perspicienti
1022 3142 1174 3217 appareat,
1182 3155 1275 3214 neque
1286 3136 1423 3198 tellurem

298 3256 362 3331 soli,
378 3276 469 3334 neque
490 3257 582 3317 solem
598 3256 696 3316 telluri
711 3255 885 3332 geometrice
902 3271 1029 3330 unquam
1043 3252 1108 3312 fieri
1123 3254 1223 3330 posset
1237 3255 1380 3321 centrum,
1394 3248 1421 3309 si

259 3446 264 3457 Ι
297 3375 372 3435 citra
386 3375 473 3436 medii
488 3374 694 3435 alterationem
708 3373 759 3433 ille
771 3373 858 3432 modo
873 3369 967 3447 major
986 3374 1129 3448 appareat
1144 3369 1230 3428 modo
1244 3366 1347 3427 minor.
1363 3366 1421 3427 Sed

296 3495 326 3554 in
347 3494 436 3571 liujus
457 3494 499 3554 rai
517 3494 630 3572 judicio
647 3494 732 3554 valde
746 3494 911 3553 cavendum
926 3497 972 3552 est
985 3510 1021 3552 ne
1044 3495 1199 3570 propterea
1213 3492 1304 3552 solem
1319 3490 1418 3552 telluri

295 3610 360 3671 fieri
383 3610 523 3687 majorem
534 3610 718 3688 judicemus,
739 3610 809 3687 quia
829 3609 948 3686 propior
962 3607 1004 3667 illi
1024 3608 1082 3681 sit,
1107 3607 1252 3668 minorem
1266 3627 1337 3668 vcro
1352 3609 1421 3685 quia

296 3729 453 3788 remotior:
478 3729 565 3788 valde
580 3729 657 3788 enirn
671 3736 757 3805 urget
778 3728 855 3805 quod
869 3727 1008 3788 alteratio
1023 3727 1234 3803 magnitudinis
1249 3726 1357 3787 solaris
1372 3727 1421 3786 vel

295 3848 405 3908 lunaris
421 3848 468 3908 vel
482 3849 608 3909 aliorum
622 3866 697 3924 quae
713 3847 827 3924 majora
848 3847 983 3906 vident-ur
999 3845 1125 3905 orientia
1146 3864 1235 3921 apuam
1258 3846 1420 3905 meridiana

294 3974 416 4046 propter
430 3971 548 4048 vaporis
562 3970 702 4029 matutini
717 3967 953 4029 intermediantis
976 3967 1088 4044 copiam
1112 3968 1188 4027 inter
1213 3967 1370 4027 oculumc
1390 3972 1421 4027 et

294 4089 435 4150 orientem
444 4091 479 4162 G,
487 4094 597 4165 quanta
608 4107 670 4149 esse
682 4107 739 4148 non
754 4094 852 4166 potest
863 4088 939 4147 inter
953 4086 1069 4146 oculum
1081 4086 1105 4145 C
1117 4091 1148 4144 et
1162 4084 1419 4146 meridionalemA

293 4210 395 4270 solem.
411 4208 474 4268 Hoc
489 4208 579 4268 nihilo
594 4209 689 4268 secius
702 4212 800 4285 potest
809 4205 942 4266 accidere
957 4222 975 4264 a
990 4203 1113 4264 meridie
1127 4203 1254 4263 diversis
1265 4203 1335 4262 unni
1347 4207 1419 4262 tem·

293 4329 422 4413 poribus.
437 4327 515 4398 Quia
527 4329 704 4392 constitutus
728 4327 773 4392 sol
795 4324 825 4390 in
847 4332 956 4410 puncto
977 4325 1112 4389 verticuli
1134 4324 1313 4388 meridieiA
1333 4324 1417 4388 uobis
