3442 5108
882 289 1060 351 -114-

408 475 603 570 stitutam,
629 481 757 580 utpote
777 480 1006 557 aedificium:
1025 480 1262 558 aedificabilis
1282 484 1418 576 autem,
1438 504 1526 582 qua-

406 600 516 677 tenus
548 604 654 678 notat
681 605 884 705 potentiam
914 607 961 682 ad
980 606 1287 694 aedificationem,
1306 609 1430 683 motus
1448 606 1525 708 qui-

405 724 491 803 dem
511 726 571 803 ille
589 731 695 806 actus
714 730 1003 832 perfectissimus
1023 735 1090 826 est,
1111 736 1148 808 et
1166 731 1521 809 ultimusdedifica-

403 847 476 925 bile
506 851 626 953 primo
658 857 768 934 modo
800 856 889 934 dicit
920 857 1126 960 potentiam
1144 857 1191 934 ad
1209 860 1352 934 motum
1372 881 1464 949 esse,
1484 860 1523 934 et

406 972 489 1052 ideo
507 976 637 1056 domus
656 984 712 1057 est
726 985 805 1085 ejus
820 986 925 1060 aetus
939 984 1140 1085 perlectus,
1154 982 1380 1060 aedificabile
1395 1007 1523 1058 secun-

403 1101 450 1178 do
468 1104 577 1181 modo
595 1110 700 1184 notat
718 1109 922 1210 potentiam
940 1111 988 1187 ad
1005 1114 1205 1199 motum,et
1219 1109 1301 1185 ideo
1316 1108 1522 1185 aedificatio

403 1228 459 1302 est
478 1230 558 1330 ejus
577 1234 683 1308 actus
702 1234 899 1334 perfectus.
919 1235 1107 1338 Perpetuo
1125 1233 1242 1336 igitur
1259 1232 1416 1326 mobilis,
1432 1258 1521 1335 qua-

401 1352 511 1430 tenus
530 1357 665 1434 mobile
684 1362 749 1453 est,
770 1362 912 1437 motum
931 1365 1056 1437 actum
1074 1360 1227 1461 perfecti
1241 1359 1362 1435 dicere
1377 1356 1521 1434 debuis-

402 1479 461 1552 set
478 1478 712 1561 Aristoteles.
732 1485 842 1563 Mitto
861 1510 973 1579 nunc,
993 1510 1043 1562 an
1062 1489 1184 1562 motus
1203 1484 1252 1562 sit
1275 1481 1516 1569 definiendus,

403 1627 514 1705 quem
531 1607 593 1708 qui
613 1634 724 1687 sensu
741 1636 818 1689 non
834 1610 1012 1713 percipit,
1031 1612 1136 1690 nulla
1154 1633 1317 1714 unquam
1336 1607 1516 1684 definitio-

403 1730 503 1808 tione
520 1734 709 1838 percipiet.

835 2011 953 2066 RATIO.
983 2011 1084 2064 XVIII.

448 2229 593 2306 Motum
611 2232 742 2310 nonin
762 2240 936 2338 quatuor,
954 2234 1014 2312 vel
1033 2259 1100 2311 sex
1117 2234 1276 2322 tantum,
1295 2229 1359 2304 sed
1378 2228 1416 2304 in
1435 2253 1512 2306 om-

394 2352 503 2431 nibus
535 2356 688 2456 reperiri
719 2361 1029 2462 praedicamentis
1067 2359 1188 2435 dicere
1220 2354 1407 2432 debuisset
1432 2354 1514 2432 Ari-

395 2481 558 2558 stoteles.

895 2637 1017 2690 nuno.

447 2857 559 2936 Certe
578 2859 676 2935 sicut
693 2858 731 2934 in
750 2857 957 2935 substantia
976 2859 1033 2932 est
1050 2855 1172 2930 motus
1191 2855 1400 2955 Aristoteli,
1422 2865 1509 2964 quia

393 2983 564 3060 accidens
597 2987 653 3060 est
686 2982 724 3059 in
744 3008 788 3059 ea
806 2986 985 3085 tanquam
1004 2979 1043 3055 in
1061 2977 1208 3080 proprio
1237 2982 1405 3082 subjecto
1424 2986 1506 3093 (1),

391 3111 596 3187 secundum
614 3109 860 3186 substantiam
877 3110 1000 3184 motus
1015 3108 1072 3181 est
1086 3104 1288 3199 Aristoteli,
1304 3109 1390 3208 quia
1409 3113 1503 3190 tales

389 3235 577 3312 habentur
604 3235 795 3336 generatio
815 3239 853 3310 et
872 3231 1084 3333 corruptio;
1104 3229 1141 3305 in
1159 3236 1298 3330 quanto
1318 3237 1356 3309 et
1374 3259 1502 3315 secun-

389 3359 477 3436 dum
495 3361 740 3461 quantitatem
758 3363 816 3437 est
833 3363 957 3437 motus
974 3384 983 3452 ;
1002 3357 1042 3434 in
1060 3356 1153 3450 loco,
1172 3363 1211 3433 et
1228 3358 1432 3437 secundum
1452 3363 1504 3441 lo-

387 3509 474 3562 cum
493 3489 550 3563 est
566 3491 713 3582 motus3
734 3487 771 3563 in
791 3484 987 3590 qualitate,
1008 3487 1046 3560 et
1064 3482 1267 3559 secundum
1286 3484 1503 3584 qualitatem

388 3613 445 3686 est
462 3615 597 3690 motus.
616 3614 675 3690 lta
692 3613 731 3691 in
750 3611 945 3705 relatione,
965 3614 1003 3688 et
1022 3610 1068 3686 ad
1087 3607 1327 3685 relationem:
1357 3612 1445 3712 quia
1464 3620 1501 3691 et

386 3729 455 3830 ipsi
474 3733 670 3836 aliquando
688 3737 889 3812 moventur
908 3732 970 3835 qui
988 3731 1031 3807 fit
1048 3735 1168 3833 pater,
1183 3728 1245 3831 qui
1258 3729 1301 3804 lit
1315 3730 1498 3827 dominus,

383 3860 421 3934 et
453 3859 549 3961 quod
581 3863 690 3939 modo
714 3865 771 3938 est
789 3859 886 3963 quod
904 3857 1006 3960 prius
1024 3879 1100 3933 non
1118 3858 1210 3940 erat,
1230 3852 1352 3930 animo
1371 3861 1494 3934 motus

384 3980 615 4084 intelligitur
632 3987 729 4090 quod
748 3986 778 4062 si
798 3985 834 4060 in
854 3982 1073 4086 quibusdam
1092 3980 1202 4056 liceat
1218 3978 1392 4068 abnuere,
1407 3985 1496 4056 sunt

419 4249 467 4330 (1)
481 4251 508 4312 Il
522 4253 599 4313 testo
609 4251 657 4312 ha:
671 4254 811 4316 subrecto.
826 4251 1014 4316 Secundum.
