3442 5108
760 338 939 400 -342-

324 489 485 567 Pauxillo,
514 489 550 553 ut
575 486 633 553 vix
655 487 834 572 cognoscat
858 481 1025 569 generatio
1048 497 1219 567 praesens:

324 619 387 694 Qui
417 617 455 684 fit
477 622 514 683 ut
537 619 570 682 et
592 615 717 702 possint
740 612 924 679 discrimina
947 616 1041 680 tanta
1064 612 1175 679 videre

324 746 516 832 Longinqua
545 763 646 828 usque
674 742 755 808 adeo
778 745 962 827 spectantes
986 763 1003 806 e
1027 740 1185 827 regione?

324 876 377 940 An
400 895 464 941 non
493 877 526 940 et
549 879 698 940 nostrum
722 878 772 939 est
794 874 833 938 iis
856 870 1051 937 invariabile
1075 868 1221 936 seclum?

326 1004 503 1071 Praeterea
536 1007 668 1089 reputas
690 1001 750 1069 tibi
773 1005 899 1068 tantam
923 999 966 1065 ibi
990 1019 1082 1085 posse
1106 997 1211 1065 videri

325 1137 492 1211 Lucinam,
520 1141 678 1219 quantam
701 1154 771 1200 esse
794 1132 883 1198 vides
907 1132 946 1198 de
969 1130 1113 1216 partibus
1137 1127 1232 1197 istisi

326 1267 378 1330 An
403 1284 467 1330 non
495 1264 658 1351 ingentem
685 1264 717 1328 in
741 1262 893 1329 mundum
917 1265 1097 1348 consurgat
1119 1266 1247 1347 oportet

327 1393 465 1480 Corpus
490 1393 573 1477 quod
597 1394 746 1477 quamvis
769 1393 926 1461 distantia
950 1399 1043 1461 tanta
1066 1394 1215 1478 pusillum

327 1524 490 1612 Objectet,
514 1530 637 1609 quanta
660 1527 822 1611 ingentem
846 1525 970 1590 telluris
994 1524 1035 1590 ad
1060 1523 1204 1589 umbram
1228 1519 1276 1609 (l)

327 1652 381 1719 Sic
407 1673 440 1720 se
463 1652 562 1719 habet
585 1652 761 1734 interdum,
785 1658 821 1719 ut
844 1653 1052 1738 comprendat
1075 1650 1307 1738 praetereuntis

327 1775 485 1863 Majorem
516 1775 637 1842 formae
660 1780 796 1862 partem,
821 1781 1043 1861 monstratque
1066 1774 1196 1841 rotundi

328 1905 480 1990 Corporis
508 1900 662 1990 effigiem:
688 1902 808 1989 poteris
831 1903 925 1970 modo
949 1904 1079 1970 credere
1101 1909 1219 1980 certus,

327 2033 397 2098 Hoc
419 2051 514 2097 sensu
537 2030 679 2099 dictante
701 2032 768 2106 tibi,
793 2053 856 2098 non
879 2053 949 2099 esse
972 2034 1127 2098 minorem

328 2166 395 2230 lsto
424 2163 514 2229 illum
538 2162 709 2229 mundum:
736 2165 797 2228 nisi
821 2183 885 2248 qua
907 2165 1033 2231 ratione
1056 2163 1208 2242 videmus

328 2294 524 2379 Quocunque
547 2296 579 2360 in
601 2297 713 2380 specie,
740 2295 880 2381 perfecta
902 2299 1065 2375 animatia,
1090 2317 1226 2382 quorum

330 2424 400 2489 Hoc
428 2423 541 2510 majus,
567 2425 670 2490 minus
695 2425 737 2503 id;
763 2446 827 2492 non
851 2427 952 2493 multo
976 2427 1057 2492 haec
1081 2432 1223 2493 attamen
1248 2427 1366 2497 absunt

331 2554 378 2619 De
402 2558 522 2638 puncto
546 2553 686 2641 ejusdem
711 2575 891 2633 mensurae,
916 2576 1010 2640 quam
1034 2555 1120 2623 ferat
1143 2577 1209 2621 una

329 2683 435 2766 Atque
462 2680 572 2746 eadem
599 2683 721 2767 species
744 2684 910 2748 minimum
934 2705 1149 2771 magnumque
1173 2706 1342 2771 capessens
1459 2703 1462 2709 '

330 2819 425 2885 Hunc
442 2819 537 2899 intra,
555 2823 649 2902 atque
666 2818 753 2883 illum
767 2817 860 2883 finem
879 2817 1249 2908 (2)‚quinaud10ngius
1267 2817 1414 2897 obstant,

331 2945 438 3020 Quam
462 2945 621 3032 perfectus
645 2967 745 3030 equus
768 2967 904 3033 magnus
927 2949 1057 3013 minimo
1080 2947 1189 3013 abstat
1212 2947 1261 3034 (3)
1286 2948 1326 3013 ub
1345 2969 1409 3014 uno

329 3075 495 3145 Perfecto
521 3077 641 3142 Tamen
664 3077 736 3142 heic
760 3084 809 3143 est
832 3077 1064 3144 demonstratio
1090 3078 1189 3152 nulla,

330 3205 402 3280 Qua
425 3211 532 3273 terrae
556 3226 594 3271 ao
618 3207 713 3271 lunae
743 3208 814 3290 quis
839 3211 939 3292 possit
962 3205 1163 3277 differitatem

331 3339 449 3418 Finire‚
477 3343 515 3403 ut
539 3338 613 3402 moli
638 3337 737 3403 moles
761 3338 880 3404 coliata
903 3339 1052 3407 cluescnt.

332 3471 406 3538 Non
431 3474 538 3536 tamen
563 3474 612 3535 est
636 3469 766 3535 dubium
790 3471 874 3554 quod
897 3472 924 3535 si
949 3472 1072 3537 telluris
1096 3472 1136 3538 ab
1160 3473 1215 3537 illo

332 3603 475 3688 Corpore
498 3607 676 3688 spectemus
699 3623 814 3688 corpus
838 3605 1042 3690 splendentis,
1067 3610 1220 3693 opacique
1244 3612 1303 3698 (4),

332 3730 469 3799 Omnino
496 3730 577 3797 haec
600 3731 710 3796 eadem
738 3733 921 3801 accedentia
938 3738 1188 3823 comperientur.

315 3934 348 3992 (lt
360 3936 402 3984 Qui
413 3934 427 3978 it
437 3942 498 3980 testo
509 3935 538 3978 ha
548 3947 593 3979 una
602 3935 697 3990 virgeio.

316 4027 348 4083 (2)
360 4027 376 4070 il
384 4033 444 4072 testo
454 4026 490 4070 hm
501 4033 573 4080 arque
584 4029 659 4082 titum,
669 4030 717 4081 fine
728 4033 771 4084 qui
779 4038 820 4074 erc.

319 4119 349 4174 (3)
363 4119 380 4161 11
390 4125 448 4162 testo
459 4119 498 4162 ha:
513 4119 594 4162 obstat.

317 4206 348 4262 (4)
361 4206 378 4249 ll
392 4217 438 4260 qne
452 4217 482 4248 va
496 4204 556 4248 unito
569 4218 610 4248 con
625 4205 647 4248 ia
661 4208 737 4264 paroia
750 4218 869 4268 sequente,
883 4225 947 4260 come
959 4227 984 4261 ne
999 4216 1013 4262 il
1029 4231 1094 4265 verso
1108 4220 1183 4268 fluisse
1197 4235 1239 4270 oon
1254 4229 1333 4284 epact·
1348 4228 1415 4276 alui.

290 4301 358 4351 mentt
367 4299 529 4348 mancheretbe
539 4299 561 4345 ia
570 4300 658 4347 misum.
