3442 5108
803 329 983 393 -218-

323 487 409 562 soles,
430 492 461 548 et
474 490 608 567 deinceps
622 489 681 549 alia
695 489 785 551 mille.
800 491 834 550 In
849 491 933 568 cujus
947 488 1066 568 puerilis
1086 488 1254 565 argumenti
1275 491 1305 549 et
1325 489 1443 552 omnino

321 606 402 684 (quia
416 613 462 670 est
476 611 512 669 ab
527 616 669 670 extraneo
679 611 894 671 inconvenienti
909 612 975 692 (1))
990 610 1088 684 alieni,
1099 613 1143 688 (2)
1157 610 1299 671 solutione
1314 613 1348 671 in
1363 613 1442 671 libro

319 736 539 797 destructionis
552 737 798 797 destructionum
812 737 908 796 nescio
920 754 1008 813 quam
1024 736 1148 797 feliciter
1158 737 1273 796 laboret
1284 737 1441 798 Averroes.

320 854 378 917 Sed
392 876 444 918 nos
458 858 534 917 hanc
547 856 704 917 stultitiam
718 856 748 916 in
762 857 809 931 iis,
824 873 897 934 quae
912 856 948 915 dc
961 854 1074 916 minimi
1089 853 1248 917 existentia
1268 860 1298 917 et
1308 860 1441 918 contem·

320 981 450 1061 piatione
464 983 543 1044 dicta
553 985 630 1056 sunt,
639 980 732 1042 fusius
743 982 892 1042 clusimus.
944 1060 946 1065 Ι

773 1204 916 1272 CAPUT
939 1205 981 1271 V.

341 1415 369 1459 Ut
379 1415 400 1459 in
406 1416 512 1459 universo
520 1415 600 1473 ubique
609 1417 639 1460 sit
647 1417 750 1472 madium,
758 1416 853 1473 ideoque
862 1429 905 1460 non
915 1416 986 1460 minus
994 1414 1074 1472 ubique
1082 1415 1104 1460 in
1113 1415 1212 1460 aetheris
1222 1414 1293 1459 modio
1302 1415 1410 1460 consiste·

392 1527 418 1557 re
427 1514 520 1557 mundos
529 1526 595 1570 quam
606 1513 707 1558 tellurem
717 1514 840 1558 consistere
852 1513 976 1556 uideamus.
994 1512 1073 1555 Omnia
1090 1517 1152 1555 asna
1161 1510 1267 1564 circuire,
1277 1509 1344 1554 ctiam
1354 1508 1409 1564 flu,

392 1605 449 1649 inter
457 1617 513 1661 quac
522 1604 555 1649 ool
563 1611 598 1648 cat
606 1617 669 1648 unus.
679 1605 780 1648 cometas
788 1604 853 1648 nihilo
861 1616 876 1647 a
883 1602 978 1659 planatis
986 1600 1073 1645 differre
1083 1601 1124 1644 nisi
1133 1600 1177 1644 situ
1186 1599 1215 1643 ad
1227 1607 1327 1645 nostram
1341 1612 1410 1657 aspc-

391 1702 458 1749 ctum,
476 1708 520 1751 quo
529 1707 604 1740 eorum
613 1695 652 1739 lux
660 1703 766 1752 tanquam
780 1696 807 1739 dc
816 1695 903 1750 obliquo
911 1680 1002 1750 speculo
1011 1692 1075 1735 nobis
1085 1690 1205 1747 objiciatur
1212 1689 1328 1734 interdum.

358 1881 510 1948 Centrum
534 1884 635 1968 igitur
656 1884 754 1969 spacii
776 1882 920 1947 immensi
945 1885 1108 1946 statuetur
1130 1877 1256 1961 ubique,

358 2009 505 2093 Undique
528 2013 610 2077 enim
633 2015 666 2078 et
688 2032 813 2095 quaque
835 2016 884 2076 est
909 2031 1038 2076 versum
1062 2009 1216 2074 dimensio
1241 2011 1343 2074 tanta.

356 2141 444 2228 Ergo
469 2162 530 2227 quo
554 2142 634 2208 haec
657 2142 769 2210 deceat
793 2141 877 2218 ferri,
902 2162 965 2206 non
991 2141 1143 2206 terminus
1167 2143 1264 2225 urget

354 2273 499 2360 Corpora
522 2279 667 2353 naturae,
691 2274 744 2340 sed
768 2272 993 2339 convenientia
1017 2272 1104 2337 vitae

355 2401 507 2486 Spectata
529 2423 549 2468 a
572 2423 667 2467 sensu
688 2407 784 2486 atque
808 2401 914 2466 animo
939 2400 992 2483 qui
1015 2407 1065 2465 est
1087 2399 1201 2465 insitus
1224 2398 1304 2464 ollis.

355 2522 434 2588 Inde
458 2543 537 2608 opus
559 2544 628 2589 essa
653 2526 767 2608 nequit
789 2527 894 2588 totum
916 2529 953 2589 ut
975 2542 1030 2607 per
1054 2520 1305 2599 inanescamus,

352 2650 395 2716 Et
416 2652 516 2736 spacii
542 2652 681 2719 incertos
707 2652 826 2718 adeant
848 2650 985 2737 palando
1009 2671 1161 2729 recessus

353 2776 414 2842 Sed
438 2783 600 2863 peragunt
624 2777 715 2845 orbes
742 2778 821 2844 vitai
846 2780 932 2843 circa
954 2777 1110 2843 elementa

352 2905 480 2972 Oceano
504 2908 663 2977 undantes
686 2909 806 2987 mundi,
829 2911 917 2976 intra
938 2930 1017 2993 quos
1041 2909 1190 2975 breviore

352 3034 443 3101 Soles
467 3038 603 3104 circuitu
626 3038 680 3103 vel
703 3039 792 3103 nullo
816 3036 899 3104 sorte
924 3045 1098 3123 vagantur.

346 3162 456 3231 Delius
479 3164 534 3231 hic
556 3167 688 3232 varians
712 3173 845 3251 apparet
868 3165 1024 3233 dimetron
1048 3188 1159 3251 usque,

347 3287 421 3356 Non
445 3291 519 3375 quia
542 3292 628 3358 circa
650 3294 753 3376 ipsum
779 3292 893 3360 sem'ta
909 3293 958 3380 (3)
984 3301 1033 3361 est
1055 3296 1235 3361 eccentrica
1259 3294 1379 3359 Terrae

344 3415 455 3495 Insita,
479 3418 536 3484 sed
559 3420 635 3504 quia
659 3421 729 3488 vult
751 3422 876 3486 animae
900 3424 950 3489 vis
974 3429 1091 3489 cuncta
1110 3425 1244 3498 moveri,

344 3547 556 3636 Corporaque
578 3552 611 3616 in
634 3554 798 3638 proprium
825 3572 950 3637 semper
973 3555 1135 3620 versarier
1158 3552 1277 3619 orbem.

343 3678 405 3749 Hic
426 3682 544 3748 etenim
565 3679 699 3749 effectus
723 3687 810 3752 vitae
833 3692 893 3768 est,
916 3687 1002 3753 vitae
1026 3684 1086 3750 hoc
1110 3705 1234 3770 quoque
1260 3687 1397 3771 signum,

323 3906 381 3963 (ml
394 3913 453 3954 testo
462 3909 503 3955 ha:
519 3911 690 3957 inconveniens.

323 4006 355 4064 (2)
366 4007 449 4057 Quem
458 4007 545 4063 virgola
553 4021 634 4053 manca
642 4009 678 4053 nol
685 4016 751 4054 tosto.

321 4096 352 4152 (d)
366 4095 382 4140 ll
391 4103 450 4140 testo
459 4097 501 4142 lna:
512 4105 599 4143 sumta:
608 4098 636 4143 ho
645 4103 725 4143 scritto
734 4102 826 4155 secata,
834 4099 942 4156 paschasi
951 4111 1027 4155 vagga
1037 4101 1078 4145 che
1087 4107 1124 4146 sta
1133 4102 1229 4157 inlnogo
1236 4102 1256 4146 di
1267 4107 1356 4148 semita.
1368 4103 1417 4148 Cosl

294 4190 399 4236 Luci-uio
406 4194 481 4239 serina
490 4196 585 4239 latrum
593 4208 633 4253 per
642 4199 748 4242 talliam.

507 4305 518 4328 ι
528 4289 557 4332 Ut
565 4288 643 4335 videas
652 4289 738 4336 init'um
747 4298 820 4336 motus
827 4304 843 4337 a
851 4292 918 4336 corde
928 4294 1008 4337 amari.
1019 4309 1031 4335 ι

846 4390 894 4434 Lib,
907 4391 936 4446 11,
950 4393 984 4435 De
996 4399 1047 4438 aut.
1060 4405 1108 4436 rer.
