3442 5108
753 301 939 362 -140-

294 487 459 594 quod(l)
482 487 581 565 enim
599 484 772 563 tellurem
791 487 837 561 ab
856 491 942 560 aere
961 483 1150 577 discernit,
1161 507 1209 560 ne
1226 483 1429 563 sintconti-

293 639 423 708 nuum,
446 611 613 713 nunquid
631 609 742 689 tellus
761 634 805 687 ao
828 610 973 687 telluris
989 610 1220 712 superficies?
1236 618 1350 689 adme
1377 639 1429 692 an

293 735 390 811 acris
411 731 646 836 superficies?
661 731 792 807 Nonne
811 730 1196 811 disterminansaliud
1215 733 1261 809 ab
1281 732 1327 810 iis
1347 760 1430 813 esse

182 908 187 919 ·
295 860 458 962 oportetl
480 859 534 935 lbi
552 843 667 961 igitur
685 856 856 959 ponimus
877 881 1039 933 vacuum
1062 857 1142 933 sine
1161 882 1334 959 corpore,
1366 861 1430 938 ubi

295 1009 452 1088 corpora
466 983 682 1086 corporibus
692 982 969 1085 contignantur.
983 983 1036 1058 lbi
1051 1007 1213 1060 vacuum
1223 1007 1298 1061 non
1309 989 1366 1063 est
1375 986 1430 1064 sic

295 1110 557 1191 mathematice
568 1107 985 1211 spatiuminterjectum,
996 1109 1082 1210 quia
1093 1113 1151 1185 est
1161 1109 1340 1188 interduo
1352 1136 1431 1188 cor-

296 1263 388 1344 pora
401 1236 624 1325 necessaria
635 1236 779 1312 etinter
798 1235 993 1338 utriusque
1009 1235 1244 1338 superficiem
1253 1237 1428 1340 positum3

297 1366 329 1444 si
343 1365 442 1442 enirn
453 1364 525 1440 duo
539 1386 695 1464 corpora
706 1365 793 1438 sunt
811 1361 1003 1464 contigua,
1016 1386 1110 1463 quae
1124 1362 1301 1466 oppositis
1311 1362 1431 1442 diver·

192 1476 198 1482 ’
298 1491 396 1568 sisve
418 1488 580 1566 motibus
594 1491 806 1580 moventur,
822 1487 883 1564 vel
897 1513 1056 1590 quorum
1071 1488 1230 1566 alterum
1244 1493 1429 1583 movetur,

298 1614 458 1692 alterum
495 1615 634 1705 movet,
669 1611 728 1688 vel
757 1595 919 1688 alterum
950 1613 1118 1714 quiescit,
1146 1619 1306 1692 nonest
1332 1618 1431 1719 quod

299 1765 535 1818 communem
562 1739 724 1817 habeant
755 1739 1001 1840 superficiem,
1030 1741 1095 1816 sed
1114 1741 1211 1817 inter
1239 1742 1432 1845 utriusque

297 1868 478 1971 proprias,
501 1859 842 1976 aliquody'spatium
863 1867 922 1943 vel
942 1866 1051 1968 spatii
1069 1868 1252 1945 terminus
1272 1894 1354 1945 esse
1372 1871 1432 1946 de·

299 1996 374 2088 bet,
394 1993 491 2095 quod
516 1992 772 2096 qualecunque
791 1992 852 2085 sit,
872 1992 991 2084 aliter,
1011 2019 1123 2095 quam
1141 1995 1251 2072 vacui
1270 1996 1430 2087 nomine,

298 2118 449 2195 inscribi
470 2142 544 2194 non
562 2119 711 2221 poterit,
741 2118 772 2193 si
801 2122 977 2194 ueratrum
1004 2142 1085 2195 esse
1104 2124 1227 2222 potest
1245 2125 1429 2200 extremo·

300 2271 396 2324 rum:
414 2244 517 2321 haud
542 2244 651 2321 aliter
670 2268 794 2347 quam,
814 2244 877 2321 ubi
893 2245 1016 2321 unitas
1044 2249 1101 2322 est
1128 2273 1152 2321 a
1178 2246 1357 2324 dualitate
1370 2248 1445 2324 di-'

300 2374 436 2464 screta,
458 2368 720 2448 intermedium
739 2369 889 2472 aliquod
908 2371 961 2446 sit
981 2395 1074 2471 opus
1096 2374 1166 2463 est,
1195 2374 1292 2473 quod
1311 2398 1431 2476 noque
1523 2475 1526 2479 ⁵

299 2496 423 2574 unitas
445 2497 505 2590 sit,
516 2521 636 2599 neque
655 2495 831 2588 dualitas
851 2521 970 2597 neque
989 2520 1179 2589 numerum
1193 2505 1233 2573 ut
1244 2498 1359 2600 igitur
1369 2524 1432 2574 va·

301 2647 413 2700 ouum
434 2621 664 2699 rationaliter
679 2625 737 2700 cst
750 2622 977 2709 innumeris
996 2626 1108 2724 atque
1138 2623 1431 2717 anathematicis

302 2746 355 2822 ita
375 2746 525 2822 realiter
535 2744 766 2846 intelligatur
784 2743 823 2819 in
851 2743 1015 2846 physicis
1044 2744 1324 2820 disterminans,
1345 2745 1430 2822 Non

302 2875 413 2950 datur
437 2897 610 2965 vacuum,
630 2870 687 2977 (2)
706 2871 880 2974 spatium,
901 2871 964 2947 sed
984 2871 1148 2947 medium
1169 2872 1431 2973 contiguorum

303 3022 516 3102 corporum:
533 2997 564 3074 si
575 2997 672 3073 enim
683 3000 781 3073 esset
792 2997 962 3099 spatium,
974 2997 1128 3074 haberet
1143 3001 1353 3074 extremum
1368 2998 1431 3073 di·

302 3122 478 3223 stinctum
497 3123 543 3197 ab
563 3125 730 3198 extremo
751 3120 910 3196 duorum
929 3144 1139 3221 corporum3
1159 3125 1195 3196 et
1216 3121 1312 3197 sorte
1327 3146 1433 3223 opor-

303 3249 399 3322 teret
414 3246 536 3323 adhuc
547 3272 726 3350 quaerere
742 3247 779 3322 in
791 3246 991 3338 inlinitum,
1008 3243 1096 3347 quid
1109 3246 1244 3322 mediet
1258 3246 1355 3323 inter
1370 3247 1434 3323 illa

304 3375 484 3462 extrema,
500 3373 560 3449 ubi
580 3397 741 3449 vacuum
761 3378 816 3449 est
843 3373 948 3448 locus
967 3372 1172 3449 secundum
1192 3373 1304 3450 aliam
1323 3375 1433 3452 ratio

304 3520 402 3590 nem,
431 3498 518 3597 quia
547 3503 604 3575 cst
631 3498 746 3592 loom,
776 3500 838 3602 qui
868 3500 1045 3592 continet,
1075 3504 1112 3576 et
1141 3505 1198 3577 cst
1226 3501 1341 3589 loona,
1370 3502 1432 3604 qui

302 3623 491 3700 terminat.

360 3748 532 3828 Vacuum
548 3775 638 3827 vero
656 3751 831 3854 spatium,
848 3753 886 3829 in
906 3778 979 3855 quo
998 3775 1156 3855 corpora
1183 3751 1433 3847 continentur,

346 3979 393 4061 (1)
408 3982 434 4041 ll
445 3981 568 4042 Gfrdrer
580 4000 739 4061 corregge:
754 3984 839 4061 quid.

347 4079 394 4162 (2)
407 4081 604 4159 Sopprimerci
618 4087 722 4159 questa
736 4083 861 4161 virgola,
881 4085 944 4145 ch'e
959 4086 1007 4146 nel
1020 4087 1106 4158 testo,
1121 4107 1137 4145 e
1160 4085 1208 4145 nel
1226 4085 1358 4158 onorer,
1372 4104 1434 4163 per

308 4180 363 4238 cho
374 4180 396 4243 il
409 4181 511 4241 Bruno
524 4181 575 4258 qui
588 4183 672 4260 parla
684 4183 761 4243 dello
774 4183 872 4260 spazio
887 4188 987 4262 ructo,
1001 4203 1061 4245 uua
1076 4185 1158 4245 volta
1171 4203 1253 4247 come
1267 4182 1434 4258 intervallo,

309 4279 436 4340 un'altra
455 4296 537 4339 come
550 4283 734 4356 contenente3
748 4299 830 4342 come
845 4282 869 4343 si
883 4300 986 4359 scorgc
1001 4283 1050 4343 dal
1064 4283 1185 4361 periodo
1198 4285 1351 4361 seguentc.
