3442 5108
801 340 978 405 -261-

369 533 538 621 Anticephi
563 533 611 621 (1)
635 532 741 601 dicent
763 533 909 597 Lunares
931 531 998 596 lata
1022 528 1184 594 deorsum.

280 717 284 724 -
368 670 456 754 Ergo
485 667 525 732 ad
548 665 656 731 finitos
679 669 755 730 sunt
777 664 857 730 haec
881 662 1065 728 discrimina
1088 656 1240 736 mundos,

369 792 442 858 Non
467 796 575 858 autern
600 789 639 854 ad
664 794 767 856 totum
790 791 978 854 immensum
1000 783 1167 851 referenda
1191 776 1377 866 putandum:

366 921 457 987 Unde
480 926 513 988 et
540 920 620 985 idem
646 939 771 1004 corpus,
796 917 869 984 dum
894 923 981 984 motu
1006 916 1107 983 fertur
1131 912 1251 991 eodem,

366 1048 457 1113 illinc
481 1050 545 1113 ima
568 1053 677 1133 petens
698 1050 754 1125 ire,
779 1047 852 1112 hino
872 1046 996 1111 dicetur
1019 1044 1050 1107 in
1068 1043 1179 1109 altum.

363 1181 453 1266 Ergo
473 1182 557 1245 inter
580 1179 659 1245 fines
682 1180 828 1265 proprios
851 1175 942 1243 finita
969 1174 1119 1239 feruntur

361 1309 518 1395 Corpora,
545 1331 605 1375 nec
627 1331 722 1376 cursu
747 1308 873 1374 infinito
897 1327 1032 1394 pergere
1056 1307 1146 1371 rectia

362 1439 574 1524 Consequitur
597 1442 690 1506 dictis
714 1444 894 1526 sapientum
915 1441 996 1506 haec
1020 1442 1089 1525 ipsa
1111 1436 1262 1524 putanda.

329 1596 331 1598 ·
360 1567 522 1633 indefessa
546 1575 652 1635 tamen
679 1572 827 1655 proprios
850 1571 1003 1637 revoluta
1027 1590 1083 1654 per
1109 1568 1216 1646 orbes,

359 1696 396 1761 ln
421 1697 536 1776 medio,
560 1704 618 1762 aut
642 1700 762 1762 circum
786 1698 935 1778 medium,
960 1697 1008 1783 (2)
1031 1699 1175 1782 spectata
1199 1695 1329 1780 perenni

359 1824 451 1890 Aeno
476 1824 558 1890 felici
581 1826 738 1890 seclorum
764 1830 872 1890 aetate
896 1825 1055 1892 fruuntur.

359 1952 405 2017 De
428 1951 584 2037 gravibus
597 1951 783 2036 levibusque
807 1953 944 2018 aliaest
968 1952 1130 2018 sententia
1152 1970 1285 2036 prorsus

356 2078 465 2154 Nobis,
495 2100 576 2163 quae
600 2082 697 2147 certis
720 2099 797 2144 uero
821 2085 887 2145 stat
910 2098 1050 2144 consona
1065 2079 1175 2163 siguis

357 2206 464 2272 Motus
488 2207 572 2270 enim
598 2213 704 2272 rectus
729 2207 879 2293 gravium
905 2206 1085 2289 leviumque
1109 2205 1183 2288 quid
1207 2225 1275 2270 osse

355 2337 466 2400 Totius
490 2338 654 2413 asseritur,
678 2339 705 2402 si
729 2344 855 2404 tantum
880 2337 1023 2424 partibus
1046 2339 1109 2403 isoe
1132 2336 1180 2423 (3)

353 2466 522 2545 Convenit,
551 2489 571 2533 a
595 2472 724 2555 propria
747 2491 827 2555 quae
851 2476 927 2536 sunt
950 2472 1080 2557 regione
1103 2471 1276 2537 revulsae?

352 2594 436 2658 Nam
463 2598 563 2660 totum
588 2601 621 2660 et
644 2602 753 2682 partes
778 2600 809 2662 in
835 2603 903 2665 toto
928 2599 1047 2664 circuio
1072 2603 1222 2685 aguntur.

352 2725 456 2790 Recta
481 2732 588 2793 autem
612 2727 690 2793 ferri
714 2728 886 2815 profugum
911 2730 1122 2816 refugumque
1146 2733 1290 2798 videmus

350 2858 567 2943 Frustumque
593 2880 610 2925 e
634 2861 753 2927 laribus
778 2864 923 2948 propriis,
948 2883 1135 2948 quacunque
1158 2864 1302 2930 iocorum

350 2985 513 3073 Adspirat,
538 3009 597 3055 seu
621 2992 685 3057 sint
707 3012 837 3058 sursum
860 3015 918 3059 seu
940 2999 1032 3081 posta
1056 2995 1227 3075 deorsum,

346 3116 397 3182 nd
421 3117 547 3184 laenam
571 3120 793 3206 dextramque,
818 3129 1002 3190 antrorsum
1026 3127 1094 3191 sive
1117 3132 1304 3193 retrorsum.

344 3248 428 3313 Hinc
451 3269 508 3314 aer
531 3251 677 3334 liquidus,
703 3252 864 3337 lymphae,
889 3255 1079 3339 peregrinus
1102 3261 1135 3322 et
1158 3258 1263 3341 ignis,

341 3376 413 3441 Non
438 3385 559 3445 certam
583 3380 622 3444 ad
646 3381 762 3458 sedern,
788 3382 844 3447 sed
868 3385 1115 3470 circumquaque
1139 3386 1298 3467 feruntur,

341 3500 384 3567 Ut
407 3502 466 3566 sibi
490 3507 681 3570 conveniens
704 3525 783 3590 opus
807 3512 858 3575 est
880 3508 1014 3593 aliisque
1037 3509 1194 3577 fovendis

340 3626 385 3691 nt
408 3647 486 3693 vero
512 3631 635 3696 mundis
657 3631 694 3696 de
720 3635 856 3718 integris
880 3634 943 3701 ista
966 3635 1099 3714 referre,

342 3755 472 3824 Scilicet
496 3767 532 3826 ut
556 3764 687 3846 propria
710 3763 847 3846 quadam
871 3767 1036 3848 gravitate
1060 3776 1256 3853 premantur,

341 3879 439 3946 Forte
463 3889 673 3970 premantque
697 3885 794 3962 aliud,
820 3886 912 3971 plane
936 3890 1125 3958 stultissima
1149 3915 1215 3961 von
1239 3901 1299 3962 est.

321 4131 351 4184 (1)
369 4133 482 4176 vocabolo
497 4135 586 4179 coniaco
601 4136 653 4179 dall'
663 4147 742 4184 aurore
756 4144 853 4188 secondo
867 4146 881 4188 l'
891 4146 999 4201 analogia
1011 4148 1033 4190 di
1048 4152 1173 4205 antipodes.

321 4227 352 4280 (ι’)
365 4228 449 4275 Quosne
460 4231 546 4284 virgolu
556 4245 637 4276 inaura
646 4235 681 4276 nel
691 4243 756 4281 testo.

299 4364 304 4372 ⁶
320 4317 349 4371 (3)
367 4320 383 4361 ll
399 4327 455 4363 outo
474 4322 514 4364 ha:
530 4325 596 4377 tinec,
609 4339 645 4370 rna
659 4327 681 4370 la
696 4331 780 4374 misum
794 4332 830 4377 del
845 4347 911 4378 verso
925 4348 970 4380 uon
983 4337 1097 4383 audrebbc
1107 4352 1174 4386 rouza
1184 4341 1357 4392 lacoontziouo
1366 4349 1422 4395 dolio

292 4410 335 4455 dne
345 4415 425 4459 vocali.
