<?xml version="1.0" encoding="UTF-8"?>
<!DOCTYPE html PUBLIC "-//W3C//DTD XHTML 1.0 Transitional//EN"
    "http://www.w3.org/TR/xhtml1/DTD/xhtml1-transitional.dtd">
<html xmlns="http://www.w3.org/1999/xhtml" xml:lang="en" lang="en">
 <head>
  <title>
</title>
<meta http-equiv="Content-Type" content="text/html;charset=utf-8" />
  <meta name='ocr-system' content='tesseract 3.04.00' />
  <meta name='ocr-capabilities' content='ocr_page ocr_carea ocr_par ocr_line ocrx_word'/>
</head>
<body>
  <div class='ocr_page' id='page_1' title='image "./jordanibruninol04brungoog_0397.png"; bbox 0 0 3442 5108; ppageno 0'>
   <div class='ocr_carea' id='block_1_1' title="bbox 292 341 1191 828">
    <p class='ocr_par' dir='ltr' id='par_1_1' title="bbox 292 341 1191 828">
     <span class='ocr_line' id='line_1_1' title="bbox 715 341 895 400; baseline -0.011 -1"><span class='ocrx_word' id='word_1_1' title='bbox 715 373 755 386; x_wconf 98' lang='lat'>-</span> <span class='ocrx_word' id='word_1_2' title='bbox 776 341 834 400; x_wconf 82' lang='lat'>350</span> <span class='ocrx_word' id='word_1_3' title='bbox 857 373 895 386; x_wconf 95' lang='lat'>-</span> 
     </span>
     <span class='ocr_line' id='line_1_2' title="bbox 292 477 1050 567; baseline -0.004 -19"><span class='ocrx_word' id='word_1_4' title='bbox 292 479 452 549; x_wconf 79' lang='lat' dir='ltr'><strong>Naturam</strong></span> <span class='ocrx_word' id='word_1_5' title='bbox 475 479 574 566; x_wconf 88' lang='lat' dir='ltr'>ipsius</span> <span class='ocrx_word' id='word_1_6' title='bbox 597 477 755 545; x_wconf 86' lang='lat' dir='ltr'>moderari</span> <span class='ocrx_word' id='word_1_7' title='bbox 780 480 850 567; x_wconf 85' lang='lat' dir='ltr'>lego</span> <span class='ocrx_word' id='word_1_8' title='bbox 873 481 1050 546; x_wconf 87' lang='lat' dir='ltr'>novantem</span> 
     </span>
     <span class='ocr_line' id='line_1_3' title="bbox 294 606 1191 693; baseline 0 -19"><span class='ocrx_word' id='word_1_9' title='bbox 294 609 420 686; x_wconf 90' lang='lat' dir='ltr'>Omnia,</span> <span class='ocrx_word' id='word_1_10' title='bbox 451 613 488 674; x_wconf 82' lang='lat' dir='ltr'>uc</span> <span class='ocrx_word' id='word_1_11' title='bbox 511 629 529 673; x_wconf 86' lang='lat' dir='ltr'>e</span> <span class='ocrx_word' id='word_1_12' title='bbox 552 608 667 691; x_wconf 84' lang='lat' dir='ltr'>quovis</span> <span class='ocrx_word' id='word_1_13' title='bbox 690 607 818 691; x_wconf 89' lang='lat' dir='ltr'>quidvis</span> <span class='ocrx_word' id='word_1_14' title='bbox 841 606 1008 693; x_wconf 87' lang='lat' dir='ltr'><strong>disponat:</strong></span> <span class='ocrx_word' id='word_1_15' title='bbox 1034 607 1074 673; x_wconf 94' lang='lat' dir='ltr'>ob</span> <span class='ocrx_word' id='word_1_16' title='bbox 1098 606 1191 693; x_wconf 80' lang='lat' dir='ltr'>idque</span> 
     </span>
     <span class='ocr_line' id='line_1_4' title="bbox 296 738 1071 828; baseline 0.005 -24"><span class='ocrx_word' id='word_1_17' title='bbox 296 739 401 805; x_wconf 85' lang='lat' dir='ltr'>Stulte</span> <span class='ocrx_word' id='word_1_18' title='bbox 430 738 555 824; x_wconf 89' lang='lat' dir='ltr'>disponi</span> <span class='ocrx_word' id='word_1_19' title='bbox 578 759 629 804; x_wconf 88' lang='lat' dir='ltr'>res</span> <span class='ocrx_word' id='word_1_20' title='bbox 653 741 790 807; x_wconf 90' lang='lat' dir='ltr'>credunt</span> <span class='ocrx_word' id='word_1_21' title='bbox 812 741 884 828; x_wconf 85' lang='lat' dir='ltr'>lege</span> <span class='ocrx_word' id='word_1_22' title='bbox 907 743 1071 810; x_wconf 77' lang='lat' dir='ltr'><strong>mathesis,</strong></span> 
     </span>
    </p>
   </div>
   <div class='ocr_carea' id='block_1_2' title="bbox 297 865 1238 1330">
    <p class='ocr_par' dir='ltr' id='par_1_2' title="bbox 297 865 1238 1330">
     <span class='ocr_line' id='line_1_5' title="bbox 297 865 1238 950; baseline 0.002 -19"><span class='ocrx_word' id='word_1_23' title='bbox 297 865 367 931; x_wconf 89' lang='lat' dir='ltr'>Nec</span> <span class='ocrx_word' id='word_1_24' title='bbox 391 866 441 930; x_wconf 87' lang='lat' dir='ltr'>vis</span> <span class='ocrx_word' id='word_1_25' title='bbox 464 871 515 931; x_wconf 87' lang='lat' dir='ltr'>est</span> <span class='ocrx_word' id='word_1_26' title='bbox 537 865 631 950; x_wconf 83' lang='lat' dir='ltr'>cycli,</span> <span class='ocrx_word' id='word_1_27' title='bbox 656 872 714 934; x_wconf 90' lang='lat' dir='ltr'>aut</span> <span class='ocrx_word' id='word_1_28' title='bbox 736 885 918 942; x_wconf 76' lang='lat' dir='ltr'>mensurae,</span> <span class='ocrx_word' id='word_1_29' title='bbox 942 867 997 934; x_wconf 90' lang='lat' dir='ltr'>sed</span> <span class='ocrx_word' id='word_1_30' title='bbox 1020 886 1238 945; x_wconf 90' lang='lat' dir='ltr'>numerorum,</span> 
     </span>
     <span class='ocr_line' id='line_1_6' title="bbox 298 987 1119 1080; baseline 0.009 -27"><span class='ocrx_word' id='word_1_31' title='bbox 298 988 333 1053; x_wconf 88' lang='lat' dir='ltr'>Si</span> <span class='ocrx_word' id='word_1_32' title='bbox 356 987 469 1052; x_wconf 91' lang='lat' dir='ltr'>melius</span> <span class='ocrx_word' id='word_1_33' title='bbox 494 994 617 1073; x_wconf 88' lang='lat' dir='ltr'>spectes</span> <span class='ocrx_word' id='word_1_34' title='bbox 640 992 768 1075; x_wconf 90' lang='lat' dir='ltr'>quando</span> <span class='ocrx_word' id='word_1_35' title='bbox 791 993 829 1059; x_wconf 89' lang='lat' dir='ltr'>de</span> <span class='ocrx_word' id='word_1_36' title='bbox 854 993 1022 1080; x_wconf 85' lang='lat' dir='ltr'>eclipsibus</span> <span class='ocrx_word' id='word_1_37' title='bbox 1045 998 1119 1078; x_wconf 84' lang='lat' dir='ltr'>apte</span> 
     </span>
     <span class='ocr_line' id='line_1_7' title="bbox 299 1115 1231 1207; baseline 0.006 -29"><span class='ocrx_word' id='word_1_38' title='bbox 299 1115 506 1181; x_wconf 86' lang='lat' dir='ltr'>Decernunt:</span> <span class='ocrx_word' id='word_1_39' title='bbox 532 1116 688 1202; x_wconf 76' lang='lat' dir='ltr'>siquidem</span> <span class='ocrx_word' id='word_1_40' title='bbox 713 1120 745 1185; x_wconf 94' lang='lat' dir='ltr'>in</span> <span class='ocrx_word' id='word_1_41' title='bbox 770 1120 902 1207; x_wconf 85' lang='lat' dir='ltr'>longum</span> <span class='ocrx_word' id='word_1_42' title='bbox 925 1122 1087 1205; x_wconf 90' lang='lat' dir='ltr'>latumque</span> <span class='ocrx_word' id='word_1_43' title='bbox 1110 1120 1231 1186; x_wconf 84' lang='lat' dir='ltr'>meanti</span> 
     </span>
     <span class='ocr_line' id='line_1_8' title="bbox 302 1240 1033 1330; baseline 0.018 -25"><span class='ocrx_word' id='word_1_44' title='bbox 302 1240 434 1326; x_wconf 87' lang='lat' dir='ltr'>Spiralis</span> <span class='ocrx_word' id='word_1_45' title='bbox 460 1244 564 1310; x_wconf 84' lang='lat' dir='ltr'>servit</span> <span class='ocrx_word' id='word_1_46' title='bbox 586 1252 724 1312; x_wconf 84' lang='lat' dir='ltr'>naturae</span> <span class='ocrx_word' id='word_1_47' title='bbox 747 1252 863 1330; x_wconf 91' lang='lat' dir='ltr'>motus,</span> <span class='ocrx_word' id='word_1_48' title='bbox 887 1255 924 1317; x_wconf 84' lang='lat' dir='ltr'>ut</span> <span class='ocrx_word' id='word_1_49' title='bbox 947 1253 1033 1317; x_wconf 92' lang='lat' dir='ltr'>ultro</span> 
     </span>
    </p>
   </div>
   <div class='ocr_carea' id='block_1_3' title="bbox 301 1368 1100 1471">
    <p class='ocr_par' dir='ltr' id='par_1_3' title="bbox 301 1368 1100 1471">
     <span class='ocr_line' id='line_1_9' title="bbox 301 1368 1100 1471; baseline 0.019 -37"><span class='ocrx_word' id='word_1_50' title='bbox 301 1368 418 1434; x_wconf 80' lang='lat' dir='ltr'>Ordine</span> <span class='ocrx_word' id='word_1_51' title='bbox 442 1372 594 1438; x_wconf 92' lang='lat' dir='ltr'>continuo</span> <span class='ocrx_word' id='word_1_52' title='bbox 618 1375 712 1443; x_wconf 84' lang='lat' dir='ltr'>detur</span> <span class='ocrx_word' id='word_1_53' title='bbox 734 1382 894 1445; x_wconf 87' lang='lat' dir='ltr'>successio</span> <span class='ocrx_word' id='word_1_54' title='bbox 919 1381 1025 1448; x_wconf 81' lang='lat' dir='ltr'>rebus</span> <span class='ocrx_word' id='word_1_55' title='bbox 1050 1382 1100 1471; x_wconf 81' lang='lat'>(1)</span> 
     </span>
    </p>
   </div>
   <div class='ocr_carea' id='block_1_4' title="bbox 199 1482 1328 4204">
    <p class='ocr_par' dir='ltr' id='par_1_4' title="bbox 199 1482 1252 2642">
     <span class='ocr_line' id='line_1_10' title="bbox 268 1482 1252 1604; baseline 0.016 -36"><span class='ocrx_word' id='word_1_56' title='bbox 268 1482 277 1501; x_wconf 62' lang='lat'><strong><em>⁹</em></strong></span> <span class='ocrx_word' id='word_1_57' title='bbox 301 1503 395 1589; x_wconf 91' lang='lat' dir='ltr'>Spira</span> <span class='ocrx_word' id='word_1_58' title='bbox 419 1507 524 1570; x_wconf 90' lang='lat' dir='ltr'>estin</span> <span class='ocrx_word' id='word_1_59' title='bbox 548 1505 639 1584; x_wconf 84' lang='lat' dir='ltr'>lacie,</span> <span class='ocrx_word' id='word_1_60' title='bbox 663 1512 757 1596; x_wconf 92' lang='lat' dir='ltr'>inque</span> <span class='ocrx_word' id='word_1_61' title='bbox 779 1514 847 1598; x_wconf 93' lang='lat' dir='ltr'>ipso</span> <span class='ocrx_word' id='word_1_62' title='bbox 870 1519 1046 1602; x_wconf 83' lang='lat' dir='ltr'>spectanda</span> <span class='ocrx_word' id='word_1_63' title='bbox 1070 1518 1252 1604; x_wconf 87' lang='lat' dir='ltr'>profundo,</span> 
     </span>
     <span class='ocr_line' id='line_1_11' title="bbox 304 1636 1220 1732; baseline 0.015 -32"><span class='ocrx_word' id='word_1_64' title='bbox 304 1636 407 1711; x_wconf 86' lang='lat' dir='ltr'>Quam</span> <span class='ocrx_word' id='word_1_65' title='bbox 431 1641 513 1706; x_wconf 90' lang='lat' dir='ltr'>male</span> <span class='ocrx_word' id='word_1_66' title='bbox 538 1642 701 1727; x_wconf 84' lang='lat' dir='ltr'>cyclorum</span> <span class='ocrx_word' id='word_1_67' title='bbox 725 1665 864 1712; x_wconf 91' lang='lat' dir='ltr'>canones</span> <span class='ocrx_word' id='word_1_68' title='bbox 888 1669 1027 1732; x_wconf 88' lang='lat' dir='ltr'>aequare</span> <span class='ocrx_word' id='word_1_69' title='bbox 1050 1649 1220 1731; x_wconf 88' lang='lat' dir='ltr'>laborant,</span> 
     </span>
     <span class='ocr_line' id='line_1_12' title="bbox 304 1765 1248 1858; baseline 0.012 -28"><span class='ocrx_word' id='word_1_70' title='bbox 304 1765 487 1840; x_wconf 87' lang='lat' dir='ltr'>Quamlibet</span> <span class='ocrx_word' id='word_1_71' title='bbox 511 1772 551 1837; x_wconf 88' lang='lat' dir='ltr'>ad</span> <span class='ocrx_word' id='word_1_72' title='bbox 576 1777 704 1858; x_wconf 89' lang='lat' dir='ltr'>tempus</span> <span class='ocrx_word' id='word_1_73' title='bbox 726 1775 808 1840; x_wconf 90' lang='lat' dir='ltr'>male</span> <span class='ocrx_word' id='word_1_74' title='bbox 832 1781 945 1842; x_wconf 89' lang='lat' dir='ltr'>cautos</span> <span class='ocrx_word' id='word_1_75' title='bbox 969 1776 1079 1843; x_wconf 87' lang='lat' dir='ltr'>saliere</span> <span class='ocrx_word' id='word_1_76' title='bbox 1102 1780 1248 1843; x_wconf 89' lang='lat' dir='ltr'>suerunt.</span> 
     </span>
     <span class='ocr_line' id='line_1_13' title="bbox 305 1893 1120 1989; baseline 0.009 -29"><span class='ocrx_word' id='word_1_77' title='bbox 305 1893 373 1961; x_wconf 90' lang='lat' dir='ltr'>Nec</span> <span class='ocrx_word' id='word_1_78' title='bbox 398 1896 513 1961; x_wconf 91' lang='lat' dir='ltr'>studiis</span> <span class='ocrx_word' id='word_1_79' title='bbox 537 1902 656 1983; x_wconf 83' lang='lat' dir='ltr'>poterit</span> <span class='ocrx_word' id='word_1_80' title='bbox 680 1903 800 1968; x_wconf 88' lang='lat' dir='ltr'>nostris</span> <span class='ocrx_word' id='word_1_81' title='bbox 823 1923 862 1969; x_wconf 90' lang='lat' dir='ltr'>ea</span> <span class='ocrx_word' id='word_1_82' title='bbox 884 1907 972 1988; x_wconf 91' lang='lat' dir='ltr'>spira</span> <span class='ocrx_word' id='word_1_83' title='bbox 997 1904 1120 1989; x_wconf 91' lang='lat' dir='ltr'>reponi,</span> 
     </span>
     <span class='ocr_line' id='line_1_14' title="bbox 304 2022 1243 2118; baseline 0.004 -28"><span class='ocrx_word' id='word_1_84' title='bbox 304 2022 450 2091; x_wconf 84' lang='lat' dir='ltr'>Naturae</span> <span class='ocrx_word' id='word_1_85' title='bbox 476 2044 558 2110; x_wconf 90' lang='lat' dir='ltr'>quae</span> <span class='ocrx_word' id='word_1_86' title='bbox 580 2030 622 2093; x_wconf 88' lang='lat' dir='ltr'>sit</span> <span class='ocrx_word' id='word_1_87' title='bbox 644 2031 750 2114; x_wconf 88' lang='lat' dir='ltr'>spirae</span> <span class='ocrx_word' id='word_1_88' title='bbox 773 2031 948 2097; x_wconf 89' lang='lat' dir='ltr'>conformis</span> <span class='ocrx_word' id='word_1_89' title='bbox 971 2031 1032 2118; x_wconf 78' lang='lat'>(2),</span> <span class='ocrx_word' id='word_1_90' title='bbox 1057 2037 1092 2099; x_wconf 90' lang='lat' dir='ltr'>at</span> <span class='ocrx_word' id='word_1_91' title='bbox 1115 2032 1243 2115; x_wconf 92' lang='lat' dir='ltr'>inquam</span> 
     </span>
     <span class='ocr_line' id='line_1_15' title="bbox 305 2159 1062 2251; baseline 0.004 -25"><span class='ocrx_word' id='word_1_92' title='bbox 305 2159 374 2227; x_wconf 91' lang='lat' dir='ltr'>Nec</span> <span class='ocrx_word' id='word_1_93' title='bbox 400 2165 520 2228; x_wconf 91' lang='lat' dir='ltr'>natura</span> <span class='ocrx_word' id='word_1_94' title='bbox 543 2184 646 2249; x_wconf 90' lang='lat' dir='ltr'>aequa</span> <span class='ocrx_word' id='word_1_95' title='bbox 668 2166 813 2251; x_wconf 83' lang='lat' dir='ltr'>procedit</span> <span class='ocrx_word' id='word_1_96' title='bbox 838 2166 909 2250; x_wconf 86' lang='lat' dir='ltr'>lege</span> <span class='ocrx_word' id='word_1_97' title='bbox 932 2171 1062 2251; x_wconf 86' lang='lat' dir='ltr'>reperta</span> 
     </span>
     <span class='ocr_line' id='line_1_16' title="bbox 306 2289 1145 2380; baseline 0.001 -27"><span class='ocrx_word' id='word_1_98' title='bbox 306 2289 371 2356; x_wconf 93' lang='lat' dir='ltr'>Per</span> <span class='ocrx_word' id='word_1_99' title='bbox 395 2293 530 2358; x_wconf 91' lang='lat' dir='ltr'>rationis</span> <span class='ocrx_word' id='word_1_100' title='bbox 554 2312 633 2379; x_wconf 90' lang='lat' dir='ltr'>opus</span> <span class='ocrx_word' id='word_1_101' title='bbox 657 2300 887 2380; x_wconf 85' lang='lat' dir='ltr'>numeratoque</span> <span class='ocrx_word' id='word_1_102' title='bbox 911 2293 1021 2360; x_wconf 84' lang='lat' dir='ltr'>ordino</span> <span class='ocrx_word' id='word_1_103' title='bbox 1045 2290 1145 2368; x_wconf 88' lang='lat' dir='ltr'>firme,</span> 
     </span>
     <span class='ocr_line' id='line_1_17' title="bbox 307 2421 1113 2513; baseline 0.002 -27"><span class='ocrx_word' id='word_1_104' title='bbox 307 2421 411 2495; x_wconf 83' lang='lat' dir='ltr'>Quam</span> <span class='ocrx_word' id='word_1_105' title='bbox 433 2425 561 2490; x_wconf 90' lang='lat' dir='ltr'>minime</span> <span class='ocrx_word' id='word_1_106' title='bbox 585 2427 708 2511; x_wconf 90' lang='lat' dir='ltr'>patitur</span> <span class='ocrx_word' id='word_1_107' title='bbox 731 2426 923 2513; x_wconf 84' lang='lat' dir='ltr'>glomeratio</span> <span class='ocrx_word' id='word_1_108' title='bbox 947 2423 1113 2498; x_wconf 82' lang='lat' dir='ltr'>materiei3</span> 
     </span>
     <span class='ocr_line' id='line_1_18' title="bbox 199 2554 1188 2642; baseline -0.001 -23"><span class='ocrx_word' id='word_1_109' title='bbox 199 2555 204 2568; x_wconf 93' lang='lat'>&#39;</span> <span class='ocrx_word' id='word_1_110' title='bbox 307 2554 459 2622; x_wconf 85' lang='lat' dir='ltr'>Fluctuat</span> <span class='ocrx_word' id='word_1_111' title='bbox 481 2556 562 2624; x_wconf 89' lang='lat' dir='ltr'>haec</span> <span class='ocrx_word' id='word_1_112' title='bbox 585 2559 701 2625; x_wconf 84' lang='lat' dir='ltr'>etenim</span> <span class='ocrx_word' id='word_1_113' title='bbox 726 2561 758 2624; x_wconf 93' lang='lat' dir='ltr'>in</span> <span class='ocrx_word' id='word_1_114' title='bbox 782 2563 902 2627; x_wconf 88' lang='lat' dir='ltr'>natura</span> <span class='ocrx_word' id='word_1_115' title='bbox 926 2557 1188 2642; x_wconf 89' lang='lat' dir='ltr'>compositorum.</span> 
     </span>
    </p>

    <p class='ocr_par' dir='ltr' id='par_1_5' title="bbox 308 2687 1227 3038">
     <span class='ocr_line' id='line_1_19' title="bbox 308 2687 1227 2776; baseline 0.003 -26"><span class='ocrx_word' id='word_1_116' title='bbox 308 2687 453 2772; x_wconf 89' lang='lat' dir='ltr'>Illudque</span> <span class='ocrx_word' id='word_1_117' title='bbox 478 2689 626 2776; x_wconf 89' lang='lat' dir='ltr'>adjiciam</span> <span class='ocrx_word' id='word_1_118' title='bbox 648 2697 687 2758; x_wconf 90' lang='lat' dir='ltr'>ut</span> <span class='ocrx_word' id='word_1_119' title='bbox 709 2691 823 2756; x_wconf 90' lang='lat' dir='ltr'>melior</span> <span class='ocrx_word' id='word_1_120' title='bbox 846 2691 901 2758; x_wconf 87' lang='lat' dir='ltr'>via</span> <span class='ocrx_word' id='word_1_121' title='bbox 924 2688 1168 2774; x_wconf 88' lang='lat' dir='ltr'>simpliciorque,</span> <span class='ocrx_word' id='word_1_122' title='bbox 1193 2690 1227 2753; x_wconf 91' lang='lat' dir='ltr'>et</span> 
     </span>
     <span class='ocr_line' id='line_1_20' title="bbox 309 2816 1059 2901; baseline -0.001 -19"><span class='ocrx_word' id='word_1_123' title='bbox 309 2816 458 2901; x_wconf 89' lang='lat' dir='ltr'>Firmior,</span> <span class='ocrx_word' id='word_1_124' title='bbox 482 2821 516 2883; x_wconf 90' lang='lat' dir='ltr'>et</span> <span class='ocrx_word' id='word_1_125' title='bbox 538 2817 633 2884; x_wconf 86' lang='lat' dir='ltr'>rebus</span> <span class='ocrx_word' id='word_1_126' title='bbox 655 2820 734 2884; x_wconf 84' lang='lat' dir='ltr'>mire</span> <span class='ocrx_word' id='word_1_127' title='bbox 757 2817 952 2884; x_wconf 79' lang='lat' dir='ltr'>conformior</span> <span class='ocrx_word' id='word_1_128' title='bbox 976 2819 1059 2881; x_wconf 85' lang='lat' dir='ltr'>esset</span> 
     </span>
     <span class='ocr_line' id='line_1_21' title="bbox 310 2948 1011 3038; baseline 0.001 -23"><span class='ocrx_word' id='word_1_129' title='bbox 310 2948 452 3034; x_wconf 78' lang='lat' dir='ltr'>spiratis,</span> <span class='ocrx_word' id='word_1_130' title='bbox 477 2952 566 3038; x_wconf 90' lang='lat' dir='ltr'>cujus</span> <span class='ocrx_word' id='word_1_131' title='bbox 593 2952 753 3018; x_wconf 89' lang='lat' dir='ltr'>rationem</span> <span class='ocrx_word' id='word_1_132' title='bbox 777 2949 860 3016; x_wconf 88' lang='lat' dir='ltr'>forte</span> <span class='ocrx_word' id='word_1_133' title='bbox 882 2950 1011 3017; x_wconf 89' lang='lat' dir='ltr'>docebo.</span> 
     </span>
    </p>

    <p class='ocr_par' dir='ltr' id='par_1_6' title="bbox 309 3074 1025 3163">
     <span class='ocr_line' id='line_1_22' title="bbox 309 3074 1025 3163; baseline 0 -23"><span class='ocrx_word' id='word_1_134' title='bbox 309 3074 439 3142; x_wconf 83' lang='lat' dir='ltr'>Interea</span> <span class='ocrx_word' id='word_1_135' title='bbox 463 3080 546 3163; x_wconf 88' lang='lat' dir='ltr'>cycli</span> <span class='ocrx_word' id='word_1_136' title='bbox 570 3079 712 3155; x_wconf 81' lang='lat' dir='ltr'>valeant,</span> <span class='ocrx_word' id='word_1_137' title='bbox 736 3078 763 3142; x_wconf 92' lang='lat' dir='ltr'>si</span> <span class='ocrx_word' id='word_1_138' title='bbox 788 3077 916 3161; x_wconf 89' lang='lat' dir='ltr'>quando</span> <span class='ocrx_word' id='word_1_139' title='bbox 941 3076 1025 3143; x_wconf 91' lang='lat' dir='ltr'>fideli</span> 
     </span>
    </p>

    <p class='ocr_par' dir='ltr' id='par_1_7' title="bbox 295 3201 1328 3680">
     <span class='ocr_line' id='line_1_23' title="bbox 295 3201 1203 3291; baseline 0.003 -23"><span class='ocrx_word' id='word_1_140' title='bbox 295 3201 472 3287; x_wconf 79' lang='lat' dir='ltr'>Obsequio</span> <span class='ocrx_word' id='word_1_141' title='bbox 496 3205 599 3291; x_wconf 87' lang='lat' dir='ltr'>magis</span> <span class='ocrx_word' id='word_1_142' title='bbox 622 3211 807 3288; x_wconf 89' lang='lat' dir='ltr'>occurrant,</span> <span class='ocrx_word' id='word_1_143' title='bbox 832 3207 907 3290; x_wconf 92' lang='lat' dir='ltr'>quia</span> <span class='ocrx_word' id='word_1_144' title='bbox 932 3205 1086 3272; x_wconf 88' lang='lat' dir='ltr'>terminus</span> <span class='ocrx_word' id='word_1_145' title='bbox 1110 3203 1203 3285; x_wconf 89' lang='lat' dir='ltr'>idem,</span> 
     </span>
     <span class='ocr_line' id='line_1_24' title="bbox 311 3333 1328 3422; baseline 0.003 -25"><span class='ocrx_word' id='word_1_146' title='bbox 311 3333 583 3420; x_wconf 89' lang='lat' dir='ltr'>Principiumque‚</span> <span class='ocrx_word' id='word_1_147' title='bbox 609 3335 787 3420; x_wconf 83' lang='lat' dir='ltr'>abitusque,</span> <span class='ocrx_word' id='word_1_148' title='bbox 812 3337 981 3422; x_wconf 89' lang='lat' dir='ltr'>aditusque</span> <span class='ocrx_word' id='word_1_149' title='bbox 1004 3335 1085 3402; x_wconf 91' lang='lat' dir='ltr'>nihil</span> <span class='ocrx_word' id='word_1_150' title='bbox 1107 3335 1165 3403; x_wconf 91' lang='lat' dir='ltr'>tibi</span> <span class='ocrx_word' id='word_1_151' title='bbox 1188 3335 1328 3421; x_wconf 88' lang='lat' dir='ltr'>prodest,</span> 
     </span>
     <span class='ocr_line' id='line_1_25' title="bbox 312 3465 1236 3552; baseline -0.001 -21"><span class='ocrx_word' id='word_1_152' title='bbox 312 3465 375 3531; x_wconf 88' lang='lat' dir='ltr'>Seu</span> <span class='ocrx_word' id='word_1_153' title='bbox 398 3472 550 3552; x_wconf 93' lang='lat' dir='ltr'>punctum</span> <span class='ocrx_word' id='word_1_154' title='bbox 576 3469 687 3533; x_wconf 84' lang='lat' dir='ltr'>veniat</span> <span class='ocrx_word' id='word_1_155' title='bbox 710 3487 767 3533; x_wconf 91' lang='lat' dir='ltr'>seu</span> <span class='ocrx_word' id='word_1_156' title='bbox 792 3466 915 3533; x_wconf 83' lang='lat' dir='ltr'>fluxum</span> <span class='ocrx_word' id='word_1_157' title='bbox 939 3466 1046 3531; x_wconf 88' lang='lat' dir='ltr'>forsan</span> <span class='ocrx_word' id='word_1_158' title='bbox 1071 3467 1104 3531; x_wconf 94' lang='lat' dir='ltr'>in</span> <span class='ocrx_word' id='word_1_159' title='bbox 1128 3485 1236 3543; x_wconf 84' lang='lat' dir='ltr'>unum,</span> 
     </span>
     <span class='ocr_line' id='line_1_26' title="bbox 312 3593 1166 3680; baseline -0.001 -21"><span class='ocrx_word' id='word_1_160' title='bbox 312 3593 356 3660; x_wconf 86' lang='lat' dir='ltr'>Ut</span> <span class='ocrx_word' id='word_1_161' title='bbox 378 3599 505 3680; x_wconf 88' lang='lat' dir='ltr'>reputes</span> <span class='ocrx_word' id='word_1_162' title='bbox 528 3593 621 3659; x_wconf 88' lang='lat' dir='ltr'>medii</span> <span class='ocrx_word' id='word_1_163' title='bbox 648 3593 756 3661; x_wconf 83' lang='lat' dir='ltr'>fluxus</span> <span class='ocrx_word' id='word_1_164' title='bbox 779 3594 924 3661; x_wconf 89' lang='lat' dir='ltr'>membra</span> <span class='ocrx_word' id='word_1_165' title='bbox 940 3594 1166 3678; x_wconf 84' lang='lat' dir='ltr'>adsequitasse.</span> 
     </span>
    </p>

    <p class='ocr_par' dir='ltr' id='par_1_8' title="bbox 312 3725 1314 4204">
     <span class='ocr_line' id='line_1_27' title="bbox 313 3725 1200 3814; baseline -0.005 -21"><span class='ocrx_word' id='word_1_166' title='bbox 313 3727 364 3793; x_wconf 89' lang='lat' dir='ltr'>Sic</span> <span class='ocrx_word' id='word_1_167' title='bbox 387 3728 488 3814; x_wconf 79' lang='lat' dir='ltr'>igitur</span> <span class='ocrx_word' id='word_1_168' title='bbox 511 3728 659 3812; x_wconf 81' lang='lat' dir='ltr'>quamvis</span> <span class='ocrx_word' id='word_1_169' title='bbox 682 3732 802 3814; x_wconf 90' lang='lat' dir='ltr'>puncto</span> <span class='ocrx_word' id='word_1_170' title='bbox 825 3727 909 3793; x_wconf 88' lang='lat' dir='ltr'>haec</span> <span class='ocrx_word' id='word_1_171' title='bbox 933 3725 1046 3792; x_wconf 85' lang='lat' dir='ltr'>definit</span> <span class='ocrx_word' id='word_1_172' title='bbox 1069 3726 1200 3791; x_wconf 91' lang='lat' dir='ltr'>horizon</span> 
     </span>
     <span class='ocr_line' id='line_1_28' title="bbox 312 3851 1314 3939; baseline -0.003 -20"><span class='ocrx_word' id='word_1_173' title='bbox 312 3854 372 3921; x_wconf 85' lang='lat' dir='ltr'>Est</span> <span class='ocrx_word' id='word_1_174' title='bbox 394 3853 509 3939; x_wconf 90' lang='lat' dir='ltr'>quibus</span> <span class='ocrx_word' id='word_1_175' title='bbox 532 3855 698 3933; x_wconf 84' lang='lat' dir='ltr'>exoriens,</span> <span class='ocrx_word' id='word_1_176' title='bbox 724 3860 820 3939; x_wconf 89' lang='lat' dir='ltr'>atque</span> <span class='ocrx_word' id='word_1_177' title='bbox 844 3855 877 3919; x_wconf 94' lang='lat' dir='ltr'>in</span> <span class='ocrx_word' id='word_1_178' title='bbox 901 3851 1018 3939; x_wconf 90' lang='lat' dir='ltr'>quibus</span> <span class='ocrx_word' id='word_1_179' title='bbox 1042 3853 1157 3920; x_wconf 87' lang='lat' dir='ltr'>occidit</span> <span class='ocrx_word' id='word_1_180' title='bbox 1180 3857 1314 3925; x_wconf 90' lang='lat' dir='ltr'>astrum,</span> 
     </span>
     <span class='ocr_line' id='line_1_29' title="bbox 312 3985 1269 4072; baseline 0 -20"><span class='ocrx_word' id='word_1_181' title='bbox 312 3985 386 4052; x_wconf 92' lang='lat' dir='ltr'>Non</span> <span class='ocrx_word' id='word_1_182' title='bbox 410 3991 518 4053; x_wconf 89' lang='lat' dir='ltr'>tamen</span> <span class='ocrx_word' id='word_1_183' title='bbox 543 3987 695 4071; x_wconf 90' lang='lat' dir='ltr'>aequales</span> <span class='ocrx_word' id='word_1_184' title='bbox 718 3989 865 4072; x_wconf 81' lang='lat' dir='ltr'>geminos</span> <span class='ocrx_word' id='word_1_185' title='bbox 888 3988 1138 4056; x_wconf 89' lang='lat' dir='ltr'>monstrabimus</span> <span class='ocrx_word' id='word_1_186' title='bbox 1162 4009 1269 4064; x_wconf 89' lang='lat' dir='ltr'>arcus,</span> 
     </span>
     <span class='ocr_line' id='line_1_30' title="bbox 312 4116 1101 4204; baseline 0 -20"><span class='ocrx_word' id='word_1_187' title='bbox 312 4117 490 4184; x_wconf 91' lang='lat' dir='ltr'>Dummodo</span> <span class='ocrx_word' id='word_1_188' title='bbox 514 4119 669 4204; x_wconf 86' lang='lat' dir='ltr'>principio</span> <span class='ocrx_word' id='word_1_189' title='bbox 693 4119 764 4184; x_wconf 84' lang='lat' dir='ltr'>veri</span> <span class='ocrx_word' id='word_1_190' title='bbox 788 4117 947 4186; x_wconf 83' lang='lat' dir='ltr'>formatus</span> <span class='ocrx_word' id='word_1_191' title='bbox 971 4116 1012 4184; x_wconf 91' lang='lat' dir='ltr'>ab</span> <span class='ocrx_word' id='word_1_192' title='bbox 1036 4138 1101 4184; x_wconf 89' lang='lat' dir='ltr'>uuo</span> 
     </span>
    </p>
   </div>
   <div class='ocr_carea' id='block_1_5' title="bbox 296 4304 716 4453">
    <p class='ocr_par' dir='ltr' id='par_1_9' title="bbox 296 4304 716 4453">
     <span class='ocr_line' id='line_1_31' title="bbox 296 4304 716 4361; baseline 0 -14"><span class='ocrx_word' id='word_1_193' title='bbox 296 4304 329 4361; x_wconf 85' lang='lat' dir='ltr'>(l)</span> <span class='ocrx_word' id='word_1_194' title='bbox 340 4305 424 4354; x_wconf 77' lang='lat' dir='ltr'>Qussto</span> <span class='ocrx_word' id='word_1_195' title='bbox 433 4311 501 4359; x_wconf 85' lang='lat' dir='ltr'>punto</span> <span class='ocrx_word' id='word_1_196' title='bbox 510 4315 591 4346; x_wconf 74' lang='lat' dir='ltr'>mance</span> <span class='ocrx_word' id='word_1_197' title='bbox 601 4304 637 4347; x_wconf 79' lang='lat' dir='ltr'>nei</span> <span class='ocrx_word' id='word_1_198' title='bbox 647 4311 716 4348; x_wconf 78' lang='lat' dir='ltr'>testo.</span> 
     </span>
     <span class='ocr_line' id='line_1_32' title="bbox 297 4395 625 4453; baseline -0.003 -14"><span class='ocrx_word' id='word_1_199' title='bbox 297 4396 329 4453; x_wconf 73' lang='lat'>(2)</span> <span class='ocrx_word' id='word_1_200' title='bbox 342 4397 358 4441; x_wconf 90' lang='lat' dir='ltr'>ll</span> <span class='ocrx_word' id='word_1_201' title='bbox 368 4401 427 4441; x_wconf 74' lang='lat' dir='ltr'>testo</span> <span class='ocrx_word' id='word_1_202' title='bbox 436 4395 479 4439; x_wconf 75' lang='lat' dir='ltr'>hs:</span> <span class='ocrx_word' id='word_1_203' title='bbox 491 4396 625 4449; x_wconf 75' lang='lat' dir='ltr'>conformis.</span> 
     </span>
    </p>
   </div>
   <div class='ocr_carea' id='block_1_6' title="bbox 0 0 1751 5108">
    <p class='ocr_par' dir='ltr' id='par_1_10' title="bbox 0 0 1751 5108">
     <span class='ocr_line' id='line_1_33' title="bbox 0 0 1751 5108; baseline 0 0"><span class='ocrx_word' id='word_1_204' title='bbox 0 0 1751 5108; x_wconf 95' lang='lat' dir='ltr'> </span> 
     </span>
    </p>
   </div>
  </div>
 </body>
</html>
