3442 5108
790 355 932 414 -7-

293 547 506 657 philosophi
530 571 642 649 quam
664 546 771 623 multi
790 550 920 624 extant
940 552 977 625 et
996 549 1157 627 extitere
1177 549 1426 654 imperatores

296 681 410 778 atque
438 671 642 775 principeS,
669 696 746 747 non
765 677 844 747 tam
863 671 990 748 multis
1009 674 1220 751 Minervam
1238 676 1300 754 vel
1318 677 1426 755 indu·

300 808 380 879 tam
399 803 437 876 et
456 803 642 874 armatam
661 796 799 873 vidisse
814 797 929 890 licuit,
949 824 1062 901 quarn
1080 800 1208 877 multis
1230 802 1344 878 etiam
1363 828 1429 880 nu-

296 923 363 1000 das
384 922 574 998 Venerem
592 923 630 996 et
647 919 670 995 J
672 944 847 997 unonem.
858 920 967 996 Paris
985 921 1092 998 illesi
1111 923 1216 1017 vidit,
1232 949 1308 1001 non
1324 929 1427 1003 certe

295 1048 472 1150 inspexit,
493 1046 620 1123 oculos
639 1071 715 1123 non
734 1044 865 1123 affixit.
895 1047 1003 1124 Hanc
1032 1048 1158 1126 videre
1186 1055 1243 1126 est
1270 1075 1426 1128 caecum

296 1174 389 1268 lieri,
418 1199 485 1276 per
504 1174 602 1250 hanc
621 1197 752 1274 sapere
771 1179 830 1250 est
849 1173 1006 1249 stultum
1025 1199 1117 1251 osse.
1138 1176 1259 1275 Ajunt
1282 1177 1426 1280 Thyre-

296 1301 392 1378 siam
410 1324 477 1402 pro
496 1299 664 1402 inspecta
683 1299 782 1375 nuda
800 1299 974 1376 Minerva
992 1324 1145 1377 caecum
1164 1326 1246 1378 esse
1269 1302 1422 1380 factum.

297 1428 400 1520 Quis
420 1427 492 1503 hac
511 1426 772 1529 contemplata,
792 1430 940 1503 caetera
958 1427 1087 1504 videre
1100 1453 1176 1506 non
1192 1430 1424 1507 contemnat?

296 1557 380 1658 Ego
399 1580 490 1632 vero
508 1554 611 1656 illam
629 1554 718 1647 vidi,
739 1579 787 1631 an
807 1553 944 1631 vidisse
963 1555 1177 1633 somniarit
1203 1556 1303 1651 Vidi,
1323 1556 1354 1633 si
1374 1561 1430 1634 ta-

297 1708 384 1760 men
412 1681 571 1759 videndo
600 1705 751 1757 sensum
778 1683 815 1756 ct
842 1679 969 1757 lumen
996 1680 1190 1759 oculorum
1209 1708 1287 1760 non
1305 1683 1427 1760 amisi·

299 1807 402 1901 Vidi;
423 1807 454 1884 si
469 1812 598 1884 tamen
616 1805 704 1900 vidi,
725 1810 763 1882 et
780 1831 858 1883 non
877 1805 983 1907 perii.
1002 1806 1109 1883 Illam
1127 1809 1329 1885 attentiore
1344 1833 1427 1886 me·

299 1917 480 2011 ditatione
499 1933 616 2010 oculis
636 1933 926 2035 apprehendere,
947 1939 1004 2012 est
1021 1935 1130 2029 mori,
1147 1939 1205 2013 est
1220 1936 1427 2013 exinanire.

299 2061 383 2138 Non
401 2061 544 2138 ridebit
562 2084 622 2138 me
642 2060 756 2137 homo
775 2065 813 2138 et
831 2061 947 2138 vivet.

352 2187 438 2264 Jarn
466 2212 556 2289 ergo
584 2187 735 2264 silentes
764 2189 809 2264 de
836 2189 905 2282 iis,
935 2214 1031 2291 quae
1058 2189 1125 2266 vix
1153 2189 1426 2266 Mercuriorum

300 2320 338 2393 ct
366 2315 585 2392 nuntiorum
612 2315 681 2390 Dei
711 2339 822 2392 voces
849 2315 1019 2392 valerent
1033 2315 1240 2411 enucleare,
1271 2317 1318 2392 ad
1349 2316 1429 2393 eius

301 2441 557 2519 tantummodo
586 2441 906 2535 circumstantias,
935 2448 973 2519 et
999 2443 1098 2520 visui
1130 2443 1323 2520 oculorum
1355 2467 1429 2520 no·
1490 2527 1494 2534 ,

305 2574 468 2645 strorum
495 2568 616 2670 magis
638 2568 808 2670 apposita
826 2569 1055 2661 indumenta,
1075 2572 1112 2645 et
1131 2572 1353 2646 ornamenta
1370 2568 1429 2645 de·

303 2689 498 2766 scribenda
526 2689 779 2767 deveniamus.
811 2690 963 2768 Casside
991 2690 1159 2768 horribili
1188 2691 1349 2793 quodam
1363 2715 1429 2766 as-

304 2823 415 2920 pectu
434 2817 668 2921 praefulgida
687 2823 769 2895 erat
787 2817 849 2894 illa
868 2824 1026 2907 armata,
1047 2843 1142 2920 quac
1157 2817 1306 2894 vultum
1320 2816 1432 2919 virgi·

303 2942 426 3020 nalem
457 2943 691 3047 usqueadeo
722 2943 943 3021 suavissime
972 2944 1221 3021 inumbrabat.
1251 2942 1312 3021 Sic
1331 2943 1430 3020 enirn

305 3094 498 3171 nunquam
517 3070 670 3148 inermis
689 3075 746 3149 est
764 3072 848 3166 ille,
868 3072 928 3149 cui
946 3071 1067 3173 ipsam
1086 3071 1262 3174 obtigerit
1281 3070 1431 3148 adsiste

307 3221 369 3290 re,
389 3198 435 3274 ad
455 3202 613 3276 eventus
632 3199 803 3276 fortunae
823 3200 884 3276 vel
903 3199 1057 3286 consilio
1085 3198 1351 3292 retundendos,
1371 3197 1432 3273 vel

307 3325 486 3424 patientia
505 3327 735 3427 superandos
752 3351 761 3403 ε
778 3326 878 3404 Dum
892 3320 994 3403 'onim
1014 3325 1106 3401 nihil
1126 3325 1224 3402 aliud
1244 3328 1301 3402 est
1319 3348 1433 3427 quam

306 3452 442 3529 militia
460 3454 540 3531 vita
558 3453 720 3532 hominis
738 3460 1031 3556 superterram,
1050 3454 1144 3529 haec
1171 3455 1228 3529 est
1254 3451 1318 3528 illa
1337 3476 1433 3554 quae

307 3581 577 3660 sceleratorum
596 3583 734 3660 evertit
754 3581 1043 3684 improbitatem,
1063 3579 1259 3657 audaciam
1278 3578 1434 3680 compri-

308 3704 387 3796 mit,
407 3708 445 3783 et
467 3706 623 3784 consilia
642 3706 809 3807 dissipat.
830 3704 891 3782 Sic
910 3706 1089 3804 Aegaeon
1109 3726 1193 3778 cum
1208 3701 1365 3779 caeteris
1381 3700 1433 3802 gi-

308 3827 482 3926 gantibus
514 3830 649 3908 lovem
683 3857 703 3908 e
731 3854 847 3931 regno
871 3828 1055 3931 depellere
1074 3831 1272 3903 conantem
1290 3823 1431 3930 (mon-

309 3959 429 4033 strum
447 3982 562 4061 prope
581 3952 925 4060 inexpugnabile),
945 3978 965 4029 e
984 3958 1085 4030 terra
1105 3956 1235 4046 matre,
1256 3953 1434 4055 quinqua

307 4082 563 4186 ginticipitem,
582 4086 806 4164 immensam
825 4082 1017 4158 flammam
1036 4105 1083 4156 ox
1102 4104 1166 4156 ore
1184 4077 1431 4180 proflantem,

307 4216 344 4287 ct
360 4211 419 4287 cui
438 4218 590 4290 centum
608 4238 741 4291 manus
761 4213 892 4302 erant,
913 4211 952 4284 ut
972 4207 1121 4284 ensibus
1140 4204 1431 4308 quinquaginta,

307 4338 543 4421 adamantina
562 4345 726 4422 claustra
744 4336 977 4417 transfodere
996 4334 1222 4429 confideret;
1251 4332 1431 4410 totidem-
