3442 5108
716 659 836 712 AltTlC.
866 660 1008 712 XXXVII.

358 890 530 965 Vacuum
561 891 640 961 tum
669 888 883 986 separatum
912 886 1049 988 quida
1077 882 1425 984 cerporibuS,tum

305 1013 393 1114 ipsis
413 1013 634 1104 imbibitum,
653 1015 734 1088 tum
754 1036 869 1087 unmn
881 1014 1099 1088 continuum
1118 1012 1241 1087 dicere
1260 1034 1335 1086 non
1349 1010 1424 1087 ler-

303 1139 499 1215 midamus:
518 1139 554 1214 id
575 1138 673 1214 enim
692 1162 844 1214 necesse
863 1143 931 1214 est.

794 1414 915 1466 lct'l'lu.

357 1636 438 1712 Non
457 1635 510 1710 ita
529 1658 689 1712 vacuum
709 1638 925 1739 corporibus
953 1634 1105 1712 insitum
1126 1633 1295 1719 dicimus,
1310 1639 1353 1711 ut
1372 1661 1421 1712 ex

301 1764 409 1866 pleno
429 1767 466 1839 et
487 1788 604 1838 uacuo
633 1789 788 1865 corpora
817 1758 1295 1866 componantur,(quumvis
1323 1762 1421 1839 sorte

300 1888 394 1963 bene
423 1888 562 1963 dictum
582 1887 631 1963 sit
650 1889 746 1989 apud
766 1914 840 1981 eos,
870 1888 931 1989 qui
960 1885 1071 1963 vatreni
1097 1910 1234 1961 nomeu
1247 1910 1315 1988 pro
1334 1893 1422 1963 aiire

301 2008 498 2111 usurpant)
518 2011 580 2086 sed
602 2011 699 2112 quia,
715 2037 800 2087 cum
829 2037 939 2088 omne
958 2035 1093 2111 corpus
1122 2007 1295 2085 collocari
1315 2035 1422 2111 opor·

299 2141 389 2227 teat,
410 2141 447 2213 et
466 2137 575 2238 spatii
594 2137 854 2227 dimensiones,
875 2165 969 2241 quae
989 2138 1110 2238 ipsum
1129 2135 1328 2237 excipiant,
1357 2163 1421 2214 ex-

299 2263 432 2363 quirat,
453 2268 600 2365 oportet
620 2267 660 2339 ut
670 2265 778 2366 spatii
799 2264 1046 2341 dimensiones
1067 2288 1153 2339 eum
1181 2263 1346 2364 corporis
1366 2263 1419 2340 di·

296 2389 545 2465 mensionibus
564 2390 632 2466 sibi
661 2391 713 2466 ita
741 2392 1001 2493 respondeant,
1019 2395 1056 2465 et
1075 2415 1115 2465 se
1135 2388 1295 2464 inrieem
1310 2388 1420 2466 adae·

297 2520 422 2616 quent,
444 2520 484 2591 ut
503 2516 639 2592 harum
666 2516 891 2594 continuitas
906 2541 991 2593 curn
1011 2515 1159 2592 illarum
1175 2513 1421 2592 continuitate

297 2644 402 2744 sparsi
421 2643 641 2719 correlative
661 2650 845 2720 mutuose
865 2646 1016 2745 ponant.
1037 2643 1206 2718 Vacuum
1235 2640 1351 2741 igitur
1379 2640 1422 2716 li·

296 2770 355 2843 cet
374 2768 526 2868 physice
547 2792 632 2843 vere
666 2768 886 2868 realiterque
907 2770 954 2843 sit
982 2769 1209 2868 separatum,
1238 2770 1366 2843 tumen
1399 2792 1422 2841 a

296 2893 599 2992 eorporilmsnon
618 2899 687 2981 est,
716 2894 777 2968 sed
808 2894 950 2969 ratione
979 2892 1173 2969 dictitante
1197 2891 1420 2993 coneipitur.

297 3019 514 3121 Concipitur
534 3026 661 3096 autem
680 3046 746 3122 per
766 3020 976 3122 analogiam
1004 3040 1201 3119 corporum
1226 3017 1356 3094 eodem
1383 3017 1422 3093 in

296 3144 415 3246 spatio
431 3143 720 3221 succedentium.
741 3145 803 3222 Sic
822 3146 978 3222 materia
989 3143 1182 3220 Aristoteli
1195 3143 1314 3245 logice
1336 3168 1422 3219 eon·

297 3269 447 3371 cipitur,
486 3269 602 3369 logice
632 3275 756 3346 tamen
786 3271 864 3372 ipsa
897 3271 982 3373 quid
1012 3275 1068 3347 est
1096 3295 1170 3346 non
1198 3268 1419 3370 intelligitur

297 3396 377 3472 sine
396 3397 517 3471 sonna
535 3395 622 3487 nlla,
643 3422 708 3497 per
727 3398 833 3496 (cujus
852 3397 1062 3497 analogiam
1082 3395 1331 3497 cognescitur.

350 3518 576 3619 Intelligitur
603 3545 693 3621 ergo
722 3546 884 3596 uacuum
908 3549 931 3597 a
959 3521 1174 3622 corporibus
1194 3522 1419 3621 separatum,

297 3646 358 3723 vel
376 3654 558 3748 quatenus
584 3653 756 3724 naturam
772 3648 887 3724 rel'ert
905 3674 928 3720 a
956 3647 1172 3748 cerporibus
1192 3645 1418 3735 distinctam,

295 3773 357 3848 vel
375 3776 558 3874 quatenus
576 3772 665 3872 ipsis
684 3774 731 3848 ad
741 3797 870 3850 eorum
886 3773 1162 3849 distinctionem
1177 3770 1415 3871 interjicitur.

296 3898 523 3999 Corporibus
546 3898 635 3974 item
655 3898 790 3975 dieitur
804 3899 997 3981 insertum,
1013 3898 1234 3981 imbibitum,
1254 3896 1419 3988 insitum,

293 4026 339 4101 ob
355 4025 626 4101 dimensionum
647 4027 726 4125 ejus
747 4026 1002 4102 camillorum
1022 4022 1312 4100 dimensionibus
1334 4046 1419 4098 con·

293 4173 456 4225 cursum.
477 4148 707 4226 Continuam
734 4150 884 4226 tandem
914 4175 1031 4226 unum
1060 4149 1248 4225 infinitum
1269 4148 1418 4227 dicitur.

295 4279 490 4379 (prutenus,
507 4275 601 4351 citra
619 4275 876 4353 habitudinem
895 4276 942 4352 ad
960 4274 1214 4377 particularia,
1226 4299 1342 4350 unum
1362 4280 1418 4348 est
