3442 5108
697 281 875 343 -181-

221 502 341 580 gnane
357 472 607 575 habent,qu0d
621 474 725 548 mota
739 473 891 548 vectent
905 471 1131 576 trahuntque
1146 472 1215 579 (l);
1226 496 1347 577 neque

220 603 432 705 proximum
443 598 634 691 habent,in
644 598 741 700 quod
751 598 1008 700 commigrent,
1020 602 1260 676 mutenturve
1276 597 1346 703 (2),

219 728 451 830 oppositum:
472 725 535 802 sed
554 725 668 800 libere
687 724 917 801 contrarium
936 726 1111 819 evadunt,
1138 728 1176 801 et
1195 749 1341 827 cogna-

221 859 302 930 tum
321 851 390 929 sibi
405 853 690 954 persequuntur.
711 850 817 928 Sicut
835 851 950 953 igitur
969 875 1036 928 nos
1055 853 1194 954 absque
1212 852 1340 928 labore

223 977 542 1077 sollicitudineque
562 977 743 1061 videmus,
756 977 994 1078 respiramus,
1011 977 1228 1065 dormimus
1249 975 1343 1053 etin

220 1104 327 1181 nobis
346 1104 472 1179 anima
491 1127 604 1204 opera
619 1102 720 1178 vitae
730 1107 933 1204 peragente
963 1101 1139 1180 humores
1166 1102 1344 1204 spiritus-

224 1256 295 1331 que
308 1227 440 1305 vitales
456 1227 630 1304 continue
642 1227 1153 1330 circumeunt,itapraecipua
1168 1226 1231 1303 illa
1245 1250 1352 1303 mun·

223 1352 259 1428 di
278 1352 444 1428 membra
464 1350 768 1452 divinissimaque
788 1350 964 1426 animalia
983 1349 1183 1426 sollicitum
1199 1348 1351 1426 minime

224 1478 389 1554 laborem
429 1477 552 1552 subire
585 1475 711 1568 decet,
745 1475 967 1577 quibuscum
999 1474 1351 1552 convenientissime

225 1606 389 1705 aguntur
410 1601 545 1678 omnia.
576 1601 674 1685 Quid
702 1601 817 1704 igitur
836 1603 882 1677 ab
901 1602 1029 1678 anima
1048 1605 1206 1703 cogente
1228 1599 1352 1678 formi-

226 1729 289 1804 dat
309 1727 552 1804 Aristoteles?
568 1726 665 1828 (eide
683 1726 737 1830 6.)
755 1727 875 1804 Detur
902 1728 1018 1829 igitur
1037 1728 1108 1804 illis
1123 1730 1168 1804 ab
1189 1727 1349 1803 immen-

226 1879 268 1928 so
287 1852 530 1929 circumcirca
548 1852 667 1954 spatio
696 1875 812 1953 aeque
840 1852 1019 1929 facillima
1048 1873 1353 1956 quaquaversum

226 1976 452 2079 progressio,
471 1977 622 2053 definiat
640 1977 712 2052 illis
731 1980 857 2056 certus
877 1978 975 2055 vitae
993 1978 1079 2054 finis
1099 1982 1212 2082 atque
1230 2002 1354 2054 neces

152 2185 159 2197 ,
228 2101 321 2178 sitas
342 2106 464 2179 certos
483 2103 823 2205 determinatosque
851 2104 1045 2196 circuitus,
1067 2105 1128 2207 qui
1148 2128 1222 2181 non
1241 2127 1352 2179 reve-

228 2230 402 2306 hentibus
422 2230 590 2331 sphaeris
609 2227 815 2334 (inquibus
835 2231 950 2307 veluti
971 2231 1068 2307 clavi
1087 2231 1214 2306 adfixa
1232 2228 1353 2305 consi·

227 2355 353 2459 stant)
381 2381 501 2457 neque
530 2356 750 2458 pellentibus
780 2358 1050 2459 gyrantibusve
1078 2357 1258 2434 ministris
1295 2381 1351 2433 re·

228 2481 374 2554 meent:
395 2478 459 2554 sed
480 2504 545 2579 per
564 2501 647 2553 eam
666 2479 813 2555 animae
841 2479 931 2571 rim,
960 2504 1055 2580 quae
1083 2483 1190 2556 tanto
1210 2477 1348 2555 certius

230 2604 267 2679 in
295 2603 530 2704 praecipuis,
568 2604 744 2705 integris,
779 2604 1098 2708 divinioribusque
1135 2605 1353 2707 corporibus

229 2728 459 2831 agnoscitur,
474 2737 613 2830 quanto
633 2730 831 2832 ignobilior
849 2732 956 2809 nobis
985 2737 1043 2809 est
1070 2732 1244 2818 conditio,
1263 2731 1352 2834 qui-

229 2857 298 2930 bus
315 2854 375 2930 illa
392 2854 564 2956 spiritum
574 2881 781 2957 corpusque
800 2859 1049 2959 suppeditant,
1065 2859 1201 2960 quique
1215 2857 1293 2934 vivi
1304 2882 1354 2934 ex

230 2979 431 3055 eorundem
453 2981 594 3081 gremio
614 2981 803 3082 prodimus
823 2989 860 3057 et
875 2983 1022 3072 alimur,
1043 2987 1080 3058 et
1099 2983 1137 3058 in
1156 2982 1249 3057 haec
1263 2984 1353 3056 tan-

231 3104 313 3179 dem
334 3105 484 3190 resoluti
506 3107 716 3207 recipimur.
738 3110 852 3184 Astra
871 3108 986 3210 igitur
1004 3115 1104 3199 sunt,
1125 3130 1219 3209 quae
1238 3104 1352 3210 (laci-

230 3227 301 3304 lius
330 3230 681 3333 incomparabiliter,
701 3257 813 3332 qrmm
841 3260 930 3310 aves
958 3261 1023 3337 per
1051 3243 1188 3323 adrem,
1217 3230 1355 3331 pennis

230 3353 486 3461 dividendum)
504 3384 570 3459 per
585 3358 801 3433 aethereum
817 3360 978 3458 spatium
993 3387 1033 3437 se
1053 3361 1297 3437 transierunt:
1319 3354 1354 3430 id

231 3479 328 3555 enim
349 3505 422 3558 non
444 3482 565 3560 minus
593 3489 730 3559 natura
756 3490 1014 3583 comparatum
1042 3491 1110 3575 est,
1131 3507 1243 3587 quam
1261 3481 1351 3559 vul·

232 3630 340 3705 gaces
361 3607 556 3710 imaginari
576 3609 720 3711 possint
739 3613 874 3701 terrae,
886 3611 923 3687 in
943 3612 1063 3689 medio
1082 3613 1283 3714 quiescere,
1298 3606 1356 3711 (3)

270 3833 312 3903 (l)
330 3831 351 3889 ll
363 3830 486 3887 Gl'n'trer
500 3844 650 3904 corregge:
665 3841 766 3906 vectet,
779 3833 954 3909 trahatque,
963 3826 1131 3888 mostrando
1146 3825 1174 3885 di
1185 3846 1242 3888 non
1253 3830 1357 3890 inten-

232 3931 301 3987 dere
315 3928 334 3986 il
348 3945 441 3987 senso.

272 4025 316 4098 (2)
332 4024 355 4084 ll
369 4024 509 4093 Gsrbrcr,
526 4043 576 4101 per
589 4027 619 4084 la
631 4031 726 4086 stesso
740 4028 870 4104 ragione,
885 4028 1033 4105 aggiunge
1049 4044 1087 4086 un
1102 4029 1156 4095 in,
1178 4025 1233 4084 ebe
1258 4041 1316 4084 non
1329 4022 1359 4083 ci

234 4144 279 4185 va:
294 4131 417 4184 arverto
432 4125 486 4182 ebe
499 4125 528 4182 la
543 4125 657 4203 virgula
671 4134 752 4185 none
763 4128 810 4187 nel
821 4132 907 4190 testo.

271 4227 315 4302 (8)
329 4223 438 4288 Quesla
453 4223 566 4301 virgola
579 4243 595 4283 e
608 4226 636 4284 le
651 4226 824 4302 precedente
838 4245 978 4288 mancano
993 4228 1041 4288 nel
1053 4231 1130 4288 testo
1139 4244 1156 4285 e
1165 4224 1213 4285 nel
1224 4224 1354 4285 Glrbrer.

234 4327 271 4386 mi
287 4345 341 4405 par
354 4325 518 4385 neccssaria
528 4326 563 4384 nd
579 4327 692 4385 evitare
706 4326 761 4385 che
775 4326 799 4386 ei
815 4345 901 4405 possa
915 4328 1075 4389 intendere:
1091 4329 1124 4387 in
1133 4326 1230 4386 medo
1243 4334 1357 4387 lenae.
