3442 5108
739 321 917 383 -226-

319 514 409 588 Quae
433 513 533 577 nihilo
558 510 713 575 foecunda
736 510 842 573 minus
865 506 920 573 tibi
945 503 1068 588 fingere
1092 501 1204 586 possis

319 648 422 719 (litam
447 645 563 719 Tellus,
589 644 698 706 iisdem
723 643 797 724 qum
819 648 895 704 sunt
918 641 1084 720 compacta
1107 631 1282 709 elementis
1299 626 1351 713 (l)

319 777 448 840 Talibus
474 777 660 838 immensum
683 771 823 856 spacium
848 764 1038 851 splendescit
1062 762 1102 826 ab
1126 760 1233 826 astris.

318 907 371 972 Sic
394 906 526 990 physice
552 904 592 968 ad
617 903 756 986 amplum
780 902 836 964 lux
860 900 1002 965 estsine
1028 897 1090 961 fine
1115 894 1234 974 refusa,

322 1036 460 1119 Spiritus
484 1033 618 1097 illustris
642 1031 716 1114 quia
741 1028 887 1113 complet,
912 1027 1065 1098 continet,
1091 1022 1203 1107 implet

317 1162 405 1235 (lirae
429 1170 506 1225 sunt
529 1161 602 1243 igne
627 1178 684 1221 suo
708 1158 974 1238 circumspectam
999 1151 1050 1214 vel
1076 1148 1172 1213 unda.

318 1291 351 1355 Si
378 1290 467 1353 uelut
491 1309 559 1351 esse.
584 1264 690 1371 potest¹
712 1285 870 1349 inlinitum
895 1284 1113 1359 simulacrum,

316 1421 534 1503 lnunenseque
558 1435 660 1499 capam
685 1412 843 1496 templum,
868 1410 1032 1494 imperium
1056 1409 1124 1471 sine
1150 1405 1221 1480 line,

316 1547 420 1628 Usque
438 1545 515 1608 ailo)
532 1542 692 1607 admirans
710 1559 861 1624 uuiguum
878 1537 1040 1601 dominum
1057 1541 1153 1618 atque
1172 1538 1347 1618 parentem,

317 1675 374 1738 llst
397 1676 578 1737 insensatae
603 1672 727 1749 mentis,
752 1689 832 1752 quae
857 1688 993 1751 corpora
1016 1672 1145 1731 vastam

315 1803 368 1866 Sic
392 1803 528 1886 speciem
554 1801 642 1864 nobis
666 1800 843 1885 perhibent,
868 1806 963 1865 vasta
987 1821 1054 1865 esse
1081 1808 1203 1884 putare,

315 1930 374 1994 Vel
399 1949 523 2012 quoque
547 1927 630 2011 quod
656 1927 773 1993 sactum
797 1934 846 1993 est
870 1928 977 1992 <livino
1003 1927 1118 1991 robore
1143 1927 1284 2014 dignum.

315 2058 397 2122 Nam
422 2057 461 2121 ad
486 2058 622 2139 speciem
649 2057 766 2120 recisi
791 2056 856 2118 siut
879 2056 1019 2131 conlata,
1042 2076 1100 2120 uec
1125 2076 1221 2120 tinum

315 2186 506 2266 Exacquaut
530 2190 681 2266 punctum
706 2183 757 2264 qui
783 2178 913 2247 effectus
937 2183 1064 2246 nomine
1089 2183 1217 2267 grindet.

314 2316 401 2400 Ergo
425 2315 633 2396 quantumvis
658 2318 851 2377 momentum
876 2316 1018 2397 conponis
1041 2318 1122 2391 exit,

314 2445 493 2529 lllajestatis
517 2444 614 2510 habet
637 2445 705 2508 diae
731 2447 867 2528 vestigia
891 2447 989 2527 nulla,

314 2579 464 2641 Attamen
489 2582 546 2649 est,
572 2575 672 2640 veluti
696 2574 899 2656 dictumest,
924 2585 1037 2644 extare
1062 2599 1234 2644 necessum.

314 2704 439 2767 Ponere
466 2701 719 2785 qumnloqmdern
742 2723 805 2767 non
831 2705 895 2768 ullo
920 2705 981 2769 lino
1007 2727 1186 2790 repressum

314 2831 474 2897 Convenit
498 2830 559 2895 lmc
582 2850 705 2906 caussa,
730 2831 805 2914 quia
829 2833 924 2896 certis
948 2835 1126 2899 intervallis

314 2968 450 3050 llissepti
476 2967 558 3032 iuter
583 2987 615 3030 so
639 2975 714 3033 suut
737 2967 831 3051 (llaec
854 2970 1020 3052 auinmlia)
1045 2970 1092 3053 (⁶2)
1118 2969 1224 3034 mundi

313 3099 403 3173 Quae
428 3118 536 3163 coram
561 3097 677 3165 deitate
702 3100 780 3162 nihil
803 3104 888 3178 sunt,
912 3101 938 3163 si
963 3102 1125 3163 numerari

312 3230 419 3295 Finita
443 3236 576 3312 pmssuut
599 3229 726 3295 tandem
753 3231 887 3306 ratione,
914 3250 970 3296 nec
994 3235 1047 3294 uui

311 3359 360 3423 llli
385 3362 557 3424 conveniat
582 3380 746 3424 munerum
770 3360 856 3426 hune
879 3365 1039 3447 attingere
1064 3370 1200 3442 tautum,

312 3493 373 3566 Qui
399 3493 568 3555 innumero
592 3513 724 3556 munero
749 3496 987 3557 imuunororum
1014 3497 1142 3559 noiniua
1165 3496 1251 3560 dicit.

313 3619 448 3684 Credere
473 3621 668 3703 praecipiunt
692 3628 723 3684 et
748 3623 792 3684 sic
816 3622 924 3684 oracla
949 3622 1134 3705 prophetae,

313 3750 391 3813 'l'am
415 3751 531 3813 rmiltos
555 3770 636 3832 qum
661 3751 751 3835 ajunt
775 3772 883 3816 coram
908 3751 1025 3817 deitate
1050 3756 1223 3833 ministros,

313 3879 417 3951 Quam
444 3880 550 3943 nullus
574 3882 655 3943 alius
681 3883 796 3946 uuillos
821 3881 1029 3966 comprendat
1053 3883 1093 3946 ab
1119 3887 1195 3967 ipsa.

314 4009 438 4073 Siccine
464 4008 601 4074 ‹lernittis
626 4010 772 4095 clypeum
796 4016 828 4074 et
852 4008 1053 4092 aiuplectoris
1077 4012 1193 4073 aram?

312 4140 432 4222 Nempe
455 4140 536 4202 eilias
561 4159 619 4201 uos
644 4139 775 4205 ailducis
800 4144 917 4202 temere
942 4137 983 4201 ad
1009 4140 1161 4203 rationes:

294 4317 325 4370 (l)
343 4315 384 4357 Nol
392 4322 450 4357 testo
460 4315 481 4358 la
492 4314 578 4370 riegola
589 4327 631 4356 uon
641 4316 684 4366 c't,
694 4313 743 4355 emi
751 4314 844 4365 pacche
854 4309 873 4352 ci
883 4310 950 4353 rado.

291 4410 320 4463 (tl
330 4410 347 4451 ll
359 4416 416 4453 testo
430 4410 465 4453 ha:
476 4412 532 4454 liam
543 4408 679 4464 (materialia)
688 4409 779 4452 ηιιιηιὶὲ.
