3442 5108
880 325 1074 386 ‚-ms

423 519 625 598 terminum
653 538 762 619 quem
788 497 924 591 natura
950 513 1185 617 praescripsit
1215 511 1303 619 (vel
1341 514 1437 592 forte
1463 541 1539 594 non

423 639 644 747 exsuperat)
672 640 848 720 excedere
875 640 1003 742 possit:
1024 639 1119 716 unde
1138 639 1237 716 enim
1254 641 1327 716 hoc
1346 667 1368 717 a
1386 641 1538 719 naturat

422 771 460 849 Si
489 771 527 847 in
547 772 682 846 natura
700 767 751 844 nil
770 767 920 858 frustra,
937 768 1067 842 contra
1092 770 1279 855 naturam,
1300 766 1393 843 citra
1420 772 1537 844 natu-

422 924 516 986 ram,
545 900 582 973 et
609 898 709 972 certe
728 894 802 971 tale
830 893 929 970 ultra
954 900 1112 970 naturae
1141 893 1239 970 vires
1266 918 1457 996 nunquam
1484 893 1539 970 in-

421 1021 596 1100 tendatur
625 1021 782 1123 oportet.
807 1020 859 1095 At
876 1018 1019 1121 inquiet
1038 1018 1140 1121 quis,
1160 1019 1257 1121 quod
1277 1045 1299 1095 a
1316 1020 1398 1122 pari
1415 1044 1539 1122 posse-

421 1173 505 1226 mus
525 1147 675 1224 credere
694 1169 774 1223 esse
792 1144 960 1221 homines
978 1145 1141 1244 majores,
1157 1144 1271 1239 coelo,
1292 1145 1352 1222 vel
1369 1150 1449 1224 tam
1461 1171 1540 1223 ma·

422 1297 539 1377 gnum
559 1271 710 1364 saltem,
731 1294 841 1374 quam
860 1269 1005 1348 coelum
1024 1273 1228 1372 est,juxta
1254 1273 1540 1374 anthropomor-

421 1401 612 1502 phitarum
630 1397 872 1491 sententiam,
892 1422 939 1474 ex
957 1422 1000 1474 eo
1019 1396 1120 1492 lucc,
1140 1399 1179 1476 in
1198 1423 1270 1502 quo
1288 1398 1390 1476 Deus
1416 1400 1538 1477 dicere

422 1524 684 1602 introducitur:
705 1523 859 1617 coelum,
879 1523 984 1602 sedes
1003 1548 1105 1618 mea,
1125 1528 1238 1618 terra,
1258 1525 1459 1603 scabellum
1479 1551 1539 1627 pe-

421 1653 510 1730 dum
529 1676 720 1744 meorum,
740 1648 924 1752 quodnam
952 1651 1068 1752 igitur
1094 1651 1274 1754 templum
1297 1652 1538 1730 aedificabitis

420 1777 539 1854 mihil
560 1778 680 1854 Porro
699 1801 775 1853 non
793 1780 989 1878 propterea
1007 1778 1103 1880 quod
1122 1777 1339 1881 imaginatio
1358 1777 1448 1857 illud
1466 1805 1537 1882 po-

419 1905 506 1995 test,
529 1926 678 1979 necesse
697 1904 753 1978 est
771 1901 870 1978 idem
887 1906 1062 1979 naturam
1080 1929 1200 2005 posse,
1221 1904 1281 1981 vel
1300 1902 1457 1983 efficere.
1477 1908 1537 1984 Ad

420 2027 493 2103 hoc
521 2027 682 2122 dicitur,
702 2031 799 2132 quod
816 2054 884 2108 nec
903 2033 1060 2107 naturae
1078 2030 1293 2132 potentiae,
1312 2055 1380 2108 nec
1403 2032 1537 2109 rationi

421 2159 616 2256 repugnat,
637 2159 679 2233 ut
697 2182 782 2233 cum
801 2180 919 2234 unum
938 2156 985 2257 sit
1004 2181 1081 2248 ens,
1098 2180 1172 2232 una
1186 2157 1405 2251 substantia,
1421 2183 1538 2235 unum

421 2280 605 2358 infinitum
633 2283 809 2376 informe,
839 2282 929 2359 illud
957 2282 1074 2384 possis
1103 2283 1341 2359 denominare
1375 2284 1537 2386 quolibet

420 2407 529 2484 modo
549 2465 559 2499 ,
579 2433 645 2484 seu
664 2433 811 2485 sumere
830 2410 898 2485 sub
918 2410 1171 2510 cujuscunque
1192 2409 1352 2504 formae,
1371 2409 1433 2487 vel
1460 2438 1538 2514 spe·

421 2530 488 2607 cici
509 2532 670 2609 ratione:
690 2533 777 2635 quia
795 2534 946 2610 tandem
965 2534 1057 2609 adeo
1075 2557 1150 2609 non
1170 2537 1227 2610 est
1254 2534 1477 2629 absurdum,
1499 2539 1538 2611 nt

421 2658 554 2760 accipit
571 2659 789 2737 Aristoteles
808 2660 845 2735 in
863 2659 983 2761 primo
1001 2660 1178 2762 physicae
1192 2660 1488 2750 auscultationis
1506 2663 1537 2738 si

420 2784 501 2886 quis
525 2786 766 2863 heracliteam
798 2787 934 2864 referat
955 2786 1266 2889 propositionem,
1295 2810 1404 2864 omne
1440 2789 1535 2890 quod

421 2914 487 3005 est,
507 2936 588 2990 esse
607 2914 796 2990 hominem
813 2938 941 3008 unum,
961 2912 1022 2990 vel
1038 2912 1150 2990 aliam
1169 2913 1331 3016 aliquam
1358 2915 1537 3017 hujusce-

421 3037 521 3113 modi
549 3039 820 3133 substantiam,
840 3040 927 3117 licet
954 3040 1054 3117 enim
1081 3040 1223 3143 species
1240 3099 1249 3135 ,
1269 3043 1389 3145 quoad
1411 3063 1538 3120 earum

420 3162 557 3241 molem
575 3169 613 3242 et
632 3167 902 3268 quantitatem,
922 3170 958 3244 et
985 3168 1171 3270 figuram,
1191 3174 1398 3270 sequuntur
1417 3171 1539 3246 condi-

421 3290 562 3369 tionem
580 3294 691 3395 hujus
709 3294 803 3371 astri
821 3294 918 3396 quod
936 3295 1167 3384 habitamus,
1187 3294 1285 3372 unde
1302 3317 1483 3396 magnum
1501 3303 1539 3373 et

419 3417 616 3496 minimum
633 3421 840 3524 specierum
859 3419 1163 3498 connascentium
1180 3419 1219 3496 in
1238 3444 1281 3497 eo
1300 3419 1399 3497 intra
1413 3421 1539 3499 defini-

419 3545 480 3621 tos
500 3546 679 3647 quosdam
698 3546 797 3654 (etsi
816 3544 1034 3650 indefinite)
1060 3547 1239 3624 terminos
1268 3547 1537 3643 contineantur,

420 3667 524 3746 nulla
542 3674 666 3748 tamen
685 3672 825 3775 species
844 3673 1011 3750 absolute
1030 3676 1173 3749 certum
1192 3669 1457 3773 definitumque
1481 3699 1537 3749 ra-

419 3794 520 3873 tione
530 3797 607 3876 ulla
616 3823 814 3877 numerum
832 3800 946 3877 habet
957 3803 1067 3901 atque
1083 3799 1230 3877 molem.
1247 3796 1346 3875 Hinc
1357 3801 1538 3901 quaedam

420 3920 559 4022 species
583 3924 812 4014 animalium,
837 3924 986 4029 quaein
1012 3923 1233 4002 animalibus
1252 3930 1475 4021 nascuntur,
1500 3927 1537 4004 in

419 4048 620 4148 majoribus
656 4050 837 4145 maioreS,
856 4051 895 4129 in
922 4050 1127 4128 minoribus
1145 4050 1309 4128 minores
1345 4058 1536 4153 apparent.

420 4169 482 4248 Sic
496 4178 655 4278 maj0res
670 4181 755 4254 sunt
769 4202 926 4271 vermes
946 4177 985 4254 in
1001 4201 1095 4281 quos
1112 4174 1169 4283 (l)
1179 4178 1432 4280 corrumpitur
1448 4205 1535 4259 caro

407 4350 409 4354 “
460 4332 507 4415 (1)
521 4338 547 4399 Il
560 4341 636 4399 testo
650 4341 698 4400 hc:
713 4343 746 4403 in
759 4358 830 4420 quo.
