3442 5108
871 335 1048 399 -116-

395 522 529 625 quippe
555 521 733 616 alteritas
761 521 1025 625 inaequalitas,
1054 528 1092 601 et
1123 546 1197 599 non
1224 546 1290 601 ens
1317 523 1512 624 distingui·

394 651 458 725 tur
484 647 524 725 in
542 648 753 727 absolutum
769 648 1083 742 intrinsecum‘et
1100 650 1146 725 ad
1165 649 1266 726 idem
1292 650 1515 751 subjectum,

395 772 490 850 etin
516 774 776 876 respectivum,
804 774 1068 868 extrinsecum,
1098 781 1136 852 et
1161 775 1208 852 ad
1227 775 1376 851 diversa
1394 775 1515 876 subje-

396 901 477 992 cta,
506 898 693 978 videbitur
719 925 872 1003 prorsus
898 899 973 977 alia
1001 901 1098 978 ratio
1126 900 1166 977 in
1193 904 1296 978 moto
1335 902 1373 977 et
1409 898 1517 1002 quie-

395 1029 531 1104 scente.
561 1025 667 1111 Quod
695 1026 794 1105 enim
811 1030 986 1105 movetur
1004 1027 1043 1104 in
1061 1028 1195 1131 seipse,
1215 1027 1318 1105 etad
1337 1026 1514 1127 seipsum,

396 1178 543 1255 semper
578 1158 636 1231 est
672 1154 832 1232 alterum
868 1158 906 1232 et
942 1155 1162 1258 inaequale,
1191 1158 1229 1230 et
1264 1177 1340 1230 non
1367 1152 1515 1255 ipsum,

395 1278 579 1383 idemque:
609 1280 791 1383 siquidem
818 1306 886 1384 per
912 1286 1056 1359 motum
1074 1281 1195 1383 magis
1215 1305 1290 1358 non
1309 1305 1374 1357 ens
1393 1281 1516 1373 datur,

396 1407 434 1481 et
452 1404 490 1481 in
516 1429 593 1483 non
621 1405 777 1483 entitate
805 1431 899 1495 esse,
928 1406 1014 1510 quia
1042 1410 1220 1511 perpetuo
1238 1406 1339 1483 aliud
1357 1408 1395 1483 et
1415 1405 1517 1482 aliud

396 1553 478 1607 esse
492 1529 635 1633 recipit,
649 1530 761 1609 aliam
775 1531 960 1633 aliamque
979 1532 1243 1634 quantitatem,
1259 1530 1371 1608 aliam
1389 1530 1519 1607 aliam-

398 1681 471 1759 que
498 1657 728 1760 qualitatem:
757 1658 855 1760 quod
882 1683 973 1735 vero
992 1661 1073 1761 jam
1092 1663 1160 1752 est,
1180 1663 1291 1761 atque
1310 1658 1516 1760 quiescens,

397 1770 605 1884 respective
632 1785 816 1863 duntaxat
841 1808 918 1861 non
946 1810 1039 1874 ens,
1067 1786 1261 1889 inaequale
1293 1789 1331 1864 et
1357 1784 1520 1862 alterum

397 1906 544 1986 dicitur.

857 2060 1062 2115 1111111111.

448 2287 595 2364 Motum
622 2286 743 2364 dicere
769 2311 967 2390 possumus
994 2290 1114 2393 magis
1143 2315 1224 2366 esse
1251 2289 1290 2365 in
1317 2293 1516 2381 movente,

397 2439 509 2517 quam
535 2415 574 2491 in
601 2414 739 2508 mobili,
767 2413 856 2491 item
883 2415 1004 2518 magis
1031 2417 1070 2494 in
1097 2418 1224 2496 mobili
1253 2439 1365 2517 quam
1384 2416 1422 2492 in
1442 2442 1519 2495 mo·

397 2543 522 2635 vente,
551 2565 620 2618 nec
646 2564 721 2617 non
749 2540 954 2644 aequaliter
972 2541 1011 2618 in
1031 2547 1202 2647 utroque,
1222 2549 1259 2620 et
1280 2545 1326 2620 ab
1345 2544 1516 2645 utroque.

903 2815 1025 2868 RATIO.

449 3040 577 3118 Motus
604 3038 724 3140 primo
753 3044 811 3117 est
837 3040 876 3119 in
895 3048 1084 3138 movente,
1103 3044 1201 3122 utin
1220 3044 1399 3149 principio
1418 3049 1516 3125 acti-

396 3192 458 3261 vo,
485 3165 618 3268 prime,
646 3167 685 3241 et
711 3190 778 3267 per
805 3192 865 3245 se:
894 3169 932 3246 in
960 3171 1087 3248 mobili
1113 3174 1291 3273 tanquam
1322 3175 1361 3249 in
1389 3176 1516 3275 subje-

398 3291 520 3386 ctive,
548 3295 587 3369 et
612 3291 823 3370 materiali:
852 3295 1056 3399 aequaliter
1083 3296 1122 3373 in
1149 3301 1329 3399 utroque,
1357 3298 1517 3376 formali-

398 3421 472 3494 ter:
493 3416 697 3520 aequaliter
715 3419 762 3495 ab
781 3423 959 3523 utroque,
980 3421 1222 3524 originaliter3
1243 3428 1285 3500 ut
1312 3428 1414 3502 recte
1433 3451 1518 3503 oon·

398 3542 578 3620 sideranti
613 3544 863 3625 manifestum.
900 3549 1072 3627 Primum
1103 3554 1140 3626 et
1176 3552 1379 3629 secundum
1411 3553 1517 3630 facile

397 3669 526 3771 patet,
554 3668 732 3763 tertium,
759 3674 850 3772 puta
877 3675 974 3775 quod
994 3675 1041 3751 sit
1061 3674 1263 3778 aequaliter
1291 3676 1329 3753 in
1358 3681 1516 3780 utroque

397 3787 621 3884 formaliter,
647 3790 732 3868 inde
760 3792 954 3889 elucescit,
982 3797 1162 3898 quianon
1189 3799 1311 3901 magis
1339 3796 1514 3893 efficiens,

397 3932 556 3987 movens
574 3908 722 4005 dicitur,
742 3937 855 4015 quam
882 3916 1092 4018 subjectum
1111 3917 1159 3994 sit
1185 3920 1231 3995 ab
1251 3919 1329 4021 ipso
1358 3925 1514 3997 motum:

398 4058 466 4111 nec
479 4032 601 4136 magis
611 4036 821 4138 subjectum
830 4045 974 4117 motum
985 4043 1136 4136 dicitur,
1148 4068 1259 4146 quam
1270 4046 1350 4147 ejus
1362 4071 1516 4122 movens

400 4158 462 4238 ille
481 4155 638 4236 dicatur.
656 4158 743 4238 Ideo
761 4167 886 4241 motus
913 4170 972 4244 est
998 4167 1094 4244 ratio
1113 4168 1277 4270 aequalis
1295 4171 1342 4246 ab
1360 4173 1516 4272 utroque

400 4310 476 4365 una
502 4283 753 4388 proveniens,
781 4290 870 4393 quia
895 4316 944 4370 ex
969 4299 1175 4388 movente,
1203 4320 1295 4398 eque
1322 4302 1424 4375 moto
1461 4325 1517 4376 re-
