<?xml version="1.0" encoding="UTF-8"?>
<!DOCTYPE html PUBLIC "-//W3C//DTD XHTML 1.0 Transitional//EN"
    "http://www.w3.org/TR/xhtml1/DTD/xhtml1-transitional.dtd">
<html xmlns="http://www.w3.org/1999/xhtml" xml:lang="en" lang="en">
 <head>
  <title>
</title>
<meta http-equiv="Content-Type" content="text/html;charset=utf-8" />
  <meta name='ocr-system' content='tesseract 3.04.00' />
  <meta name='ocr-capabilities' content='ocr_page ocr_carea ocr_par ocr_line ocrx_word'/>
</head>
<body>
  <div class='ocr_page' id='page_1' title='image "./jordanibruninol04brungoog_0188.png"; bbox 0 0 3442 5108; ppageno 0'>
   <div class='ocr_carea' id='block_1_1' title="bbox 785 349 964 410">
    <p class='ocr_par' dir='ltr' id='par_1_1' title="bbox 785 349 964 410">
     <span class='ocr_line' id='line_1_1' title="bbox 785 349 964 410; baseline -0.011 -1"><span class='ocrx_word' id='word_1_1' title='bbox 785 349 964 410; x_wconf 83' lang='lat'>-141-</span> 
     </span>
    </p>
   </div>
   <div class='ocr_carea' id='block_1_2' title="bbox 240 516 1494 3913">
    <p class='ocr_par' dir='ltr' id='par_1_2' title="bbox 240 516 1494 3913">
     <span class='ocr_line' id='line_1_2' title="bbox 294 516 1429 645; baseline 0.003 -29"><span class='ocrx_word' id='word_1_2' title='bbox 294 546 351 617; x_wconf 89' lang='lat' dir='ltr'>est</span> <span class='ocrx_word' id='word_1_3' title='bbox 370 562 486 616; x_wconf 90' lang='lat' dir='ltr'>unum</span> <span class='ocrx_word' id='word_1_4' title='bbox 509 539 707 631; x_wconf 87' lang='lat' dir='ltr'>infinitum,</span> <span class='ocrx_word' id='word_1_5' title='bbox 728 540 834 639; x_wconf 84' lang='lat' dir='ltr'>cujus</span> <span class='ocrx_word' id='word_1_6' title='bbox 863 542 988 639; x_wconf 85' lang='lat' dir='ltr'>partes</span> <span class='ocrx_word' id='word_1_7' title='bbox 1007 539 1143 617; x_wconf 86' lang='lat' dir='ltr'>alieubi</span> <span class='ocrx_word' id='word_1_8' title='bbox 1161 540 1242 618; x_wconf 92' lang='lat' dir='ltr'>sine</span> <span class='ocrx_word' id='word_1_9' title='bbox 1262 516 1429 645; x_wconf 84' lang='lat' dir='ltr'>corpore</span> 
     </span>
     <span class='ocr_line' id='line_1_3' title="bbox 296 664 1418 767; baseline 0.001 -26"><span class='ocrx_word' id='word_1_10' title='bbox 296 690 377 741; x_wconf 90' lang='lat' dir='ltr'>csse</span> <span class='ocrx_word' id='word_1_11' title='bbox 392 664 807 767; x_wconf 83' lang='lat' dir='ltr'>intelligantur,nempe</span> <span class='ocrx_word' id='word_1_12' title='bbox 826 664 887 740; x_wconf 90' lang='lat' dir='ltr'>ubi</span> <span class='ocrx_word' id='word_1_13' title='bbox 908 689 1065 766; x_wconf 86' lang='lat' dir='ltr'>corpora</span> <span class='ocrx_word' id='word_1_14' title='bbox 1090 667 1306 767; x_wconf 78' lang='lat' dir='ltr'>corporibus</span> <span class='ocrx_word' id='word_1_15' title='bbox 1330 670 1418 744; x_wconf 92' lang='lat' dir='ltr'>sunt</span> 
     </span>
     <span class='ocr_line' id='line_1_4' title="bbox 296 789 1417 892; baseline 0.002 -27"><span class='ocrx_word' id='word_1_16' title='bbox 296 791 495 892; x_wconf 80' lang='lat' dir='ltr'>contigua,</span> <span class='ocrx_word' id='word_1_17' title='bbox 515 796 558 867; x_wconf 90' lang='lat' dir='ltr'>ut</span> <span class='ocrx_word' id='word_1_18' title='bbox 586 815 702 867; x_wconf 90' lang='lat' dir='ltr'>unum</span> <span class='ocrx_word' id='word_1_19' title='bbox 721 789 939 867; x_wconf 85' lang='lat' dir='ltr'>continuum</span> <span class='ocrx_word' id='word_1_20' title='bbox 963 789 1086 866; x_wconf 85' lang='lat' dir='ltr'>facere</span> <span class='ocrx_word' id='word_1_21' title='bbox 1114 815 1189 867; x_wconf 94' lang='lat' dir='ltr'>non</span> <span class='ocrx_word' id='word_1_22' title='bbox 1208 792 1417 885; x_wconf 81' lang='lat' dir='ltr'>videantur3</span> 
     </span>
     <span class='ocr_line' id='line_1_5' title="bbox 295 916 1417 1022; baseline 0.004 -31"><span class='ocrx_word' id='word_1_23' title='bbox 295 917 349 993; x_wconf 87' lang='lat' dir='ltr'>ita</span> <span class='ocrx_word' id='word_1_24' title='bbox 368 921 493 994; x_wconf 89' lang='lat' dir='ltr'>tamen</span> <span class='ocrx_word' id='word_1_25' title='bbox 512 941 663 993; x_wconf 86' lang='lat' dir='ltr'>necesse</span> <span class='ocrx_word' id='word_1_26' title='bbox 691 921 760 1009; x_wconf 87' lang='lat' dir='ltr'>est,</span> <span class='ocrx_word' id='word_1_27' title='bbox 789 916 887 992; x_wconf 88' lang='lat' dir='ltr'>inter</span> <span class='ocrx_word' id='word_1_28' title='bbox 906 941 994 993; x_wconf 85' lang='lat' dir='ltr'>vere</span> <span class='ocrx_word' id='word_1_29' title='bbox 1014 916 1277 1011; x_wconf 85' lang='lat' dir='ltr'>continentem,</span> <span class='ocrx_word' id='word_1_30' title='bbox 1289 920 1417 1022; x_wconf 90' lang='lat' dir='ltr'>sphae-</span> 
     </span>
     <span class='ocr_line' id='line_1_6' title="bbox 240 1043 1419 1145; baseline 0.002 -27"><span class='ocrx_word' id='word_1_31' title='bbox 240 1105 242 1108; x_wconf 88' lang='lat'>.</span> <span class='ocrx_word' id='word_1_32' title='bbox 296 1068 450 1145; x_wconf 88' lang='lat' dir='ltr'>ramque</span> <span class='ocrx_word' id='word_1_33' title='bbox 477 1045 702 1136; x_wconf 76' lang='lat' dir='ltr'>contentam,</span> <span class='ocrx_word' id='word_1_34' title='bbox 719 1043 857 1144; x_wconf 90' lang='lat' dir='ltr'>aliquid</span> <span class='ocrx_word' id='word_1_35' title='bbox 886 1047 988 1119; x_wconf 84' lang='lat' dir='ltr'>extet</span> <span class='ocrx_word' id='word_1_36' title='bbox 1020 1044 1292 1121; x_wconf 84' lang='lat' dir='ltr'>intermedium.</span> <span class='ocrx_word' id='word_1_37' title='bbox 1321 1045 1419 1121; x_wconf 91' lang='lat' dir='ltr'>Hinc</span> 
     </span>
     <span class='ocr_line' id='line_1_7' title="bbox 296 1166 1422 1269; baseline 0.002 -26"><span class='ocrx_word' id='word_1_38' title='bbox 296 1167 410 1269; x_wconf 84' lang='lat' dir='ltr'>igitur</span> <span class='ocrx_word' id='word_1_39' title='bbox 438 1166 608 1269; x_wconf 86' lang='lat' dir='ltr'>quamvis</span> <span class='ocrx_word' id='word_1_40' title='bbox 638 1191 800 1243; x_wconf 85' lang='lat' dir='ltr'>vacuum</span> <span class='ocrx_word' id='word_1_41' title='bbox 828 1167 867 1242; x_wconf 92' lang='lat' dir='ltr'>in</span> <span class='ocrx_word' id='word_1_42' title='bbox 894 1166 1072 1244; x_wconf 88' lang='lat' dir='ltr'>universo</span> <span class='ocrx_word' id='word_1_43' title='bbox 1101 1167 1149 1243; x_wconf 92' lang='lat' dir='ltr'>sit</span> <span class='ocrx_word' id='word_1_44' title='bbox 1169 1191 1288 1244; x_wconf 90' lang='lat' dir='ltr'>unum</span> <span class='ocrx_word' id='word_1_45' title='bbox 1306 1168 1422 1245; x_wconf 90' lang='lat' dir='ltr'>eonti-</span> 
     </span>
     <span class='ocr_line' id='line_1_8' title="bbox 296 1292 1421 1396; baseline 0 -26"><span class='ocrx_word' id='word_1_46' title='bbox 296 1317 424 1388; x_wconf 90' lang='lat' dir='ltr'>nuum,</span> <span class='ocrx_word' id='word_1_47' title='bbox 440 1297 592 1395; x_wconf 87' lang='lat' dir='ltr'>propter</span> <span class='ocrx_word' id='word_1_48' title='bbox 622 1316 820 1393; x_wconf 86' lang='lat' dir='ltr'>corporum</span> <span class='ocrx_word' id='word_1_49' title='bbox 851 1292 1125 1368; x_wconf 75' lang='lat' dir='ltr'>distinctionem</span> <span class='ocrx_word' id='word_1_50' title='bbox 1155 1294 1303 1387; x_wconf 90' lang='lat' dir='ltr'>habeat,</span> <span class='ocrx_word' id='word_1_51' title='bbox 1322 1294 1421 1396; x_wconf 92' lang='lat' dir='ltr'>quod</span> 
     </span>
     <span class='ocr_line' id='line_1_9' title="bbox 296 1417 1494 1521; baseline -0.001 -26"><span class='ocrx_word' id='word_1_52' title='bbox 296 1420 333 1495; x_wconf 89' lang='lat' dir='ltr'>in</span> <span class='ocrx_word' id='word_1_53' title='bbox 352 1420 506 1495; x_wconf 90' lang='lat' dir='ltr'>insitum</span> <span class='ocrx_word' id='word_1_54' title='bbox 524 1423 562 1496; x_wconf 89' lang='lat' dir='ltr'>et</span> <span class='ocrx_word' id='word_1_55' title='bbox 581 1418 897 1520; x_wconf 87' lang='lat' dir='ltr'>comprehendens</span> <span class='ocrx_word' id='word_1_56' title='bbox 908 1417 1174 1519; x_wconf 80' lang='lat' dir='ltr'>distinguatur;</span> <span class='ocrx_word' id='word_1_57' title='bbox 1187 1418 1422 1521; x_wconf 79' lang='lat' dir='ltr'>quemadmo</span> <span class='ocrx_word' id='word_1_58' title='bbox 1489 1433 1494 1440; x_wconf 84' lang='grc'>’</span> 
     </span>
     <span class='ocr_line' id='line_1_10' title="bbox 296 1542 1422 1648; baseline 0.003 -28"><span class='ocrx_word' id='word_1_59' title='bbox 296 1547 383 1620; x_wconf 93' lang='lat' dir='ltr'>dum</span> <span class='ocrx_word' id='word_1_60' title='bbox 403 1545 573 1648; x_wconf 87' lang='lat' dir='ltr'>quamvis</span> <span class='ocrx_word' id='word_1_61' title='bbox 590 1569 663 1620; x_wconf 90' lang='lat' dir='ltr'>una</span> <span class='ocrx_word' id='word_1_62' title='bbox 682 1545 859 1621; x_wconf 89' lang='lat' dir='ltr'>continua</span> <span class='ocrx_word' id='word_1_63' title='bbox 878 1542 954 1638; x_wconf 88' lang='lat' dir='ltr'>lux,</span> <span class='ocrx_word' id='word_1_64' title='bbox 971 1569 1065 1646; x_wconf 85' lang='lat' dir='ltr'>quae</span> <span class='ocrx_word' id='word_1_65' title='bbox 1079 1544 1118 1620; x_wconf 92' lang='lat' dir='ltr'>in</span> <span class='ocrx_word' id='word_1_66' title='bbox 1136 1571 1234 1647; x_wconf 88' lang='lat' dir='ltr'>aqua</span> <span class='ocrx_word' id='word_1_67' title='bbox 1244 1549 1281 1622; x_wconf 87' lang='lat' dir='ltr'>et</span> <span class='ocrx_word' id='word_1_68' title='bbox 1291 1546 1422 1624; x_wconf 80' lang='lat' dir='ltr'>ina‘e&#39;re</span> 
     </span>
     <span class='ocr_line' id='line_1_11' title="bbox 295 1670 1424 1772; baseline 0.003 -26"><span class='ocrx_word' id='word_1_69' title='bbox 295 1676 363 1763; x_wconf 88' lang='lat' dir='ltr'>est,</span> <span class='ocrx_word' id='word_1_70' title='bbox 384 1695 467 1747; x_wconf 85' lang='lat' dir='ltr'>eam</span> <span class='ocrx_word' id='word_1_71' title='bbox 485 1679 623 1763; x_wconf 88' lang='lat' dir='ltr'>tamen,</span> <span class='ocrx_word' id='word_1_72' title='bbox 643 1696 737 1771; x_wconf 89' lang='lat' dir='ltr'>quae</span> <span class='ocrx_word' id='word_1_73' title='bbox 756 1670 794 1746; x_wconf 95' lang='lat' dir='ltr'>in</span> <span class='ocrx_word' id='word_1_74' title='bbox 813 1694 910 1771; x_wconf 88' lang='lat' dir='ltr'>aqua</span> <span class='ocrx_word' id='word_1_75' title='bbox 928 1674 997 1758; x_wconf 87' lang='lat' dir='ltr'>est,</span> <span class='ocrx_word' id='word_1_76' title='bbox 1016 1671 1062 1746; x_wconf 88' lang='lat' dir='ltr'>ab</span> <span class='ocrx_word' id='word_1_77' title='bbox 1081 1695 1137 1763; x_wconf 91' lang='lat' dir='ltr'>ea,</span> <span class='ocrx_word' id='word_1_78' title='bbox 1164 1671 1318 1772; x_wconf 89' lang='lat' dir='ltr'>quaein</span> <span class='ocrx_word' id='word_1_79' title='bbox 1337 1679 1424 1749; x_wconf 84' lang='lat' dir='ltr'>a‘e&#39;re</span> 
     </span>
     <span class='ocr_line' id='line_1_12' title="bbox 295 1796 1425 1901; baseline 0.002 -28"><span class='ocrx_word' id='word_1_80' title='bbox 295 1802 365 1892; x_wconf 89' lang='lat' dir='ltr'>est,</span> <span class='ocrx_word' id='word_1_81' title='bbox 384 1797 541 1875; x_wconf 86' lang='lat' dir='ltr'>dicimus</span> <span class='ocrx_word' id='word_1_82' title='bbox 569 1796 776 1890; x_wconf 89' lang='lat' dir='ltr'>terminari,</span> <span class='ocrx_word' id='word_1_83' title='bbox 804 1801 982 1899; x_wconf 84' lang='lat' dir='ltr'>tanquam</span> <span class='ocrx_word' id='word_1_84' title='bbox 1009 1822 1032 1872; x_wconf 89' lang='lat' dir='ltr'>a</span> <span class='ocrx_word' id='word_1_85' title='bbox 1050 1821 1216 1898; x_wconf 90' lang='lat' dir='ltr'>corpore,</span> <span class='ocrx_word' id='word_1_86' title='bbox 1237 1801 1276 1874; x_wconf 85' lang='lat' dir='ltr'>et</span> <span class='ocrx_word' id='word_1_87' title='bbox 1294 1823 1317 1874; x_wconf 90' lang='lat' dir='ltr'>a</span> <span class='ocrx_word' id='word_1_88' title='bbox 1336 1824 1425 1901; x_wconf 85' lang='lat' dir='ltr'>quo·</span> 
     </span>
     <span class='ocr_line' id='line_1_13' title="bbox 296 1920 1418 2023; baseline 0.003 -28"><span class='ocrx_word' id='word_1_89' title='bbox 296 1920 381 1997; x_wconf 89' lang='lat' dir='ltr'>dam</span> <span class='ocrx_word' id='word_1_90' title='bbox 402 1920 499 1997; x_wconf 89' lang='lat' dir='ltr'>inter</span> <span class='ocrx_word' id='word_1_91' title='bbox 519 1924 718 2023; x_wconf 87' lang='lat' dir='ltr'>utrumque</span> <span class='ocrx_word' id='word_1_92' title='bbox 733 1946 868 2022; x_wconf 83' lang='lat' dir='ltr'>corpus</span> <span class='ocrx_word' id='word_1_93' title='bbox 887 1920 1021 2012; x_wconf 92' lang='lat' dir='ltr'>medio,</span> <span class='ocrx_word' id='word_1_94' title='bbox 1040 1923 1219 2022; x_wconf 89' lang='lat' dir='ltr'>tanquam</span> <span class='ocrx_word' id='word_1_95' title='bbox 1230 1922 1276 1997; x_wconf 89' lang='lat' dir='ltr'>ab</span> <span class='ocrx_word' id='word_1_96' title='bbox 1295 1925 1418 1998; x_wconf 84' lang='lat' dir='ltr'>extre-</span> 
     </span>
     <span class='ocr_line' id='line_1_14' title="bbox 295 2044 1425 2148; baseline 0.001 -28"><span class='ocrx_word' id='word_1_97' title='bbox 295 2069 369 2121; x_wconf 90' lang='lat' dir='ltr'>mo.</span> <span class='ocrx_word' id='word_1_98' title='bbox 384 2045 481 2122; x_wconf 87' lang='lat' dir='ltr'>Hinc</span> <span class='ocrx_word' id='word_1_99' title='bbox 500 2057 600 2122; x_wconf 86' lang='lat' dir='ltr'>certe</span> <span class='ocrx_word' id='word_1_100' title='bbox 615 2046 866 2123; x_wconf 83' lang='lat' dir='ltr'>continentiae</span> <span class='ocrx_word' id='word_1_101' title='bbox 880 2044 1155 2122; x_wconf 86' lang='lat' dir='ltr'>dimensionum</span> <span class='ocrx_word' id='word_1_102' title='bbox 1174 2046 1346 2148; x_wconf 88' lang='lat' dir='ltr'>specifica</span> <span class='ocrx_word' id='word_1_103' title='bbox 1364 2045 1425 2121; x_wconf 92' lang='lat' dir='ltr'>di-</span> 
     </span>
     <span class='ocr_line' id='line_1_15' title="bbox 296 2170 1426 2274; baseline -0.001 -26"><span class='ocrx_word' id='word_1_104' title='bbox 296 2173 454 2249; x_wconf 86' lang='lat' dir='ltr'>versitas</span> <span class='ocrx_word' id='word_1_105' title='bbox 476 2197 552 2250; x_wconf 91' lang='lat' dir='ltr'>non</span> <span class='ocrx_word' id='word_1_106' title='bbox 579 2173 739 2266; x_wconf 89' lang='lat' dir='ltr'>obsistit,</span> <span class='ocrx_word' id='word_1_107' title='bbox 768 2171 866 2274; x_wconf 88' lang='lat' dir='ltr'>quia,</span> <span class='ocrx_word' id='word_1_108' title='bbox 883 2175 925 2248; x_wconf 88' lang='lat' dir='ltr'>ut</span> <span class='ocrx_word' id='word_1_109' title='bbox 938 2171 978 2249; x_wconf 91' lang='lat' dir='ltr'>in</span> <span class='ocrx_word' id='word_1_110' title='bbox 996 2171 1069 2247; x_wconf 89' lang='lat' dir='ltr'>alio</span> <span class='ocrx_word' id='word_1_111' title='bbox 1099 2170 1266 2248; x_wconf 86' lang='lat' dir='ltr'>articulo</span> <span class='ocrx_word' id='word_1_112' title='bbox 1286 2171 1426 2248; x_wconf 90' lang='lat' dir='ltr'>dictum</span> 
     </span>
     <span class='ocr_line' id='line_1_16' title="bbox 296 2295 1425 2400; baseline -0.001 -25"><span class='ocrx_word' id='word_1_113' title='bbox 296 2303 365 2392; x_wconf 84' lang='lat' dir='ltr'>est,</span> <span class='ocrx_word' id='word_1_114' title='bbox 389 2298 638 2376; x_wconf 85' lang='lat' dir='ltr'>dimensiones</span> <span class='ocrx_word' id='word_1_115' title='bbox 665 2297 776 2376; x_wconf 86' lang='lat' dir='ltr'>vacui</span> <span class='ocrx_word' id='word_1_116' title='bbox 794 2298 841 2374; x_wconf 89' lang='lat' dir='ltr'>ad</span> <span class='ocrx_word' id='word_1_117' title='bbox 860 2296 1025 2400; x_wconf 86' lang='lat' dir='ltr'>corporis</span> <span class='ocrx_word' id='word_1_118' title='bbox 1044 2297 1292 2374; x_wconf 85' lang='lat' dir='ltr'>dimensiones</span> <span class='ocrx_word' id='word_1_119' title='bbox 1311 2295 1425 2374; x_wconf 86' lang='lat' dir='ltr'>collo-</span> 
     </span>
     <span class='ocr_line' id='line_1_17' title="bbox 297 2424 1423 2529; baseline -0.001 -28"><span class='ocrx_word' id='word_1_120' title='bbox 297 2426 435 2502; x_wconf 89' lang='lat' dir='ltr'>candas</span> <span class='ocrx_word' id='word_1_121' title='bbox 455 2451 529 2502; x_wconf 92' lang='lat' dir='ltr'>non</span> <span class='ocrx_word' id='word_1_122' title='bbox 549 2424 972 2529; x_wconf 70' lang='lat' dir='ltr'>suntincompossibiles</span> <span class='ocrx_word' id='word_1_123' title='bbox 992 2425 1055 2500; x_wconf 92' lang='lat' dir='ltr'>sed</span> <span class='ocrx_word' id='word_1_124' title='bbox 1074 2429 1160 2502; x_wconf 90' lang='lat' dir='ltr'>sunt</span> <span class='ocrx_word' id='word_1_125' title='bbox 1180 2425 1273 2502; x_wconf 92' lang='lat' dir='ltr'>adeo</span> <span class='ocrx_word' id='word_1_126' title='bbox 1287 2449 1423 2502; x_wconf 88' lang='lat' dir='ltr'>neees-</span> 
     </span>
     <span class='ocr_line' id='line_1_18' title="bbox 296 2549 1425 2653; baseline -0.002 -26"><span class='ocrx_word' id='word_1_127' title='bbox 296 2552 429 2641; x_wconf 88' lang='lat' dir='ltr'>sariae,</span> <span class='ocrx_word' id='word_1_128' title='bbox 451 2555 493 2627; x_wconf 91' lang='lat' dir='ltr'>ut</span> <span class='ocrx_word' id='word_1_129' title='bbox 512 2552 637 2629; x_wconf 87' lang='lat' dir='ltr'>nullae</span> <span class='ocrx_word' id='word_1_130' title='bbox 655 2551 750 2628; x_wconf 87' lang='lat' dir='ltr'>aliae</span> <span class='ocrx_word' id='word_1_131' title='bbox 764 2551 843 2628; x_wconf 90' lang='lat' dir='ltr'>sine</span> <span class='ocrx_word' id='word_1_132' title='bbox 862 2549 944 2626; x_wconf 89' lang='lat' dir='ltr'>aliis</span> <span class='ocrx_word' id='word_1_133' title='bbox 964 2575 1045 2626; x_wconf 90' lang='lat' dir='ltr'>esse</span> <span class='ocrx_word' id='word_1_134' title='bbox 1068 2550 1228 2653; x_wconf 89' lang='lat' dir='ltr'>possint,</span> <span class='ocrx_word' id='word_1_135' title='bbox 1247 2574 1343 2652; x_wconf 91' lang='lat' dir='ltr'>quae</span> <span class='ocrx_word' id='word_1_136' title='bbox 1370 2549 1425 2625; x_wconf 91' lang='lat' dir='ltr'>si-</span> 
     </span>
     <span class='ocr_line' id='line_1_19' title="bbox 297 2677 1420 2781; baseline 0 -27"><span class='ocrx_word' id='word_1_137' title='bbox 297 2683 360 2754; x_wconf 87' lang='lat' dir='ltr'>cut</span> <span class='ocrx_word' id='word_1_138' title='bbox 383 2677 631 2755; x_wconf 89' lang='lat' dir='ltr'>dimensiones</span> <span class='ocrx_word' id='word_1_139' title='bbox 651 2679 760 2781; x_wconf 85' lang='lat' dir='ltr'>spatii</span> <span class='ocrx_word' id='word_1_140' title='bbox 777 2678 937 2754; x_wconf 88' lang='lat' dir='ltr'>minores</span> <span class='ocrx_word' id='word_1_141' title='bbox 949 2701 1082 2779; x_wconf 89' lang='lat' dir='ltr'>corpus</span> <span class='ocrx_word' id='word_1_142' title='bbox 1103 2677 1238 2770; x_wconf 90' lang='lat' dir='ltr'>minus,</span> <span class='ocrx_word' id='word_1_143' title='bbox 1259 2679 1420 2779; x_wconf 87' lang='lat' dir='ltr'>majores</span> 
     </span>
     <span class='ocr_line' id='line_1_20' title="bbox 297 2801 1426 2906; baseline 0 -27"><span class='ocrx_word' id='word_1_144' title='bbox 297 2828 431 2906; x_wconf 88' lang='lat' dir='ltr'>corpus</span> <span class='ocrx_word' id='word_1_145' title='bbox 464 2805 586 2905; x_wconf 88' lang='lat' dir='ltr'>majus</span> <span class='ocrx_word' id='word_1_146' title='bbox 615 2804 823 2905; x_wconf 87' lang='lat' dir='ltr'>recipiunt,</span> <span class='ocrx_word' id='word_1_147' title='bbox 851 2804 905 2879; x_wconf 88' lang='lat' dir='ltr'>ita</span> <span class='ocrx_word' id='word_1_148' title='bbox 924 2807 961 2879; x_wconf 87' lang='lat' dir='ltr'>et</span> <span class='ocrx_word' id='word_1_149' title='bbox 979 2802 1108 2879; x_wconf 87' lang='lat' dir='ltr'>nullae</span> <span class='ocrx_word' id='word_1_150' title='bbox 1127 2801 1283 2880; x_wconf 92' lang='lat' dir='ltr'>nullum.</span> <span class='ocrx_word' id='word_1_151' title='bbox 1304 2802 1426 2895; x_wconf 87' lang='lat' dir='ltr'>Mitto,</span> 
     </span>
     <span class='ocr_line' id='line_1_21' title="bbox 297 2927 1422 3033; baseline 0 -27"><span class='ocrx_word' id='word_1_152' title='bbox 297 2927 394 3031; x_wconf 89' lang='lat' dir='ltr'>quod</span> <span class='ocrx_word' id='word_1_153' title='bbox 415 2954 491 3005; x_wconf 92' lang='lat' dir='ltr'>uon</span> <span class='ocrx_word' id='word_1_154' title='bbox 509 2928 631 3006; x_wconf 89' lang='lat' dir='ltr'>solum</span> <span class='ocrx_word' id='word_1_155' title='bbox 659 2929 908 3007; x_wconf 89' lang='lat' dir='ltr'>dimensiones</span> <span class='ocrx_word' id='word_1_156' title='bbox 927 2929 1035 3005; x_wconf 89' lang='lat' dir='ltr'>vacui</span> <span class='ocrx_word' id='word_1_157' title='bbox 1055 2928 1178 3031; x_wconf 92' lang='lat' dir='ltr'>(quod</span> <span class='ocrx_word' id='word_1_158' title='bbox 1195 2954 1315 3033; x_wconf 88' lang='lat' dir='ltr'>neque</span> <span class='ocrx_word' id='word_1_159' title='bbox 1330 2929 1422 3006; x_wconf 90' lang='lat' dir='ltr'>sub-</span> 
     </span>
     <span class='ocr_line' id='line_1_22' title="bbox 296 3054 1420 3159; baseline -0.001 -27"><span class='ocrx_word' id='word_1_160' title='bbox 296 3054 436 3132; x_wconf 84' lang='lat' dir='ltr'>stantia</span> <span class='ocrx_word' id='word_1_161' title='bbox 463 3061 531 3148; x_wconf 87' lang='lat' dir='ltr'>est,</span> <span class='ocrx_word' id='word_1_162' title='bbox 551 3082 671 3159; x_wconf 88' lang='lat' dir='ltr'>neque</span> <span class='ocrx_word' id='word_1_163' title='bbox 690 3057 873 3150; x_wconf 87' lang='lat' dir='ltr'>accidens,</span> <span class='ocrx_word' id='word_1_164' title='bbox 893 3057 924 3133; x_wconf 94' lang='lat' dir='ltr'>si</span> <span class='ocrx_word' id='word_1_165' title='bbox 942 3054 1182 3158; x_wconf 88' lang='lat' dir='ltr'>peripatetice</span> <span class='ocrx_word' id='word_1_166' title='bbox 1209 3054 1420 3156; x_wconf 84' lang='lat' dir='ltr'>significent</span> 
     </span>
     <span class='ocr_line' id='line_1_23' title="bbox 296 3179 1426 3285; baseline 0 -30"><span class='ocrx_word' id='word_1_167' title='bbox 296 3181 389 3257; x_wconf 84' lang='lat' dir='ltr'>haec</span> <span class='ocrx_word' id='word_1_168' title='bbox 422 3180 591 3285; x_wconf 85' lang='lat' dir='ltr'>nomina)</span> <span class='ocrx_word' id='word_1_169' title='bbox 619 3188 847 3259; x_wconf 85' lang='lat' dir='ltr'>concurrunt</span> <span class='ocrx_word' id='word_1_170' title='bbox 874 3206 960 3259; x_wconf 93' lang='lat' dir='ltr'>cum</span> <span class='ocrx_word' id='word_1_171' title='bbox 988 3179 1153 3284; x_wconf 87' lang='lat' dir='ltr'>corporis</span> <span class='ocrx_word' id='word_1_172' title='bbox 1185 3180 1426 3258; x_wconf 89' lang='lat' dir='ltr'>dimensioni·</span> 
     </span>
     <span class='ocr_line' id='line_1_24' title="bbox 296 3305 1430 3412; baseline 0.001 -30"><span class='ocrx_word' id='word_1_173' title='bbox 296 3309 377 3395; x_wconf 87' lang='lat' dir='ltr'>bus,</span> <span class='ocrx_word' id='word_1_174' title='bbox 401 3309 497 3410; x_wconf 91' lang='lat' dir='ltr'>quod</span> <span class='ocrx_word' id='word_1_175' title='bbox 516 3313 574 3384; x_wconf 84' lang='lat' dir='ltr'>est</span> <span class='ocrx_word' id='word_1_176' title='bbox 593 3310 802 3386; x_wconf 87' lang='lat' dir='ltr'>substantia</span> <span class='ocrx_word' id='word_1_177' title='bbox 828 3309 1021 3410; x_wconf 89' lang='lat' dir='ltr'>quaedam;</span> <span class='ocrx_word' id='word_1_178' title='bbox 1041 3305 1097 3412; x_wconf 92' lang='grc'>(1)</span> <span class='ocrx_word' id='word_1_179' title='bbox 1116 3312 1154 3384; x_wconf 89' lang='lat' dir='ltr'>et</span> <span class='ocrx_word' id='word_1_180' title='bbox 1186 3331 1272 3384; x_wconf 89' lang='lat' dir='ltr'>cum</span> <span class='ocrx_word' id='word_1_181' title='bbox 1291 3307 1430 3384; x_wconf 89' lang='lat' dir='ltr'>dimen-</span> 
     </span>
     <span class='ocr_line' id='line_1_25' title="bbox 298 3431 1425 3536; baseline -0.001 -28"><span class='ocrx_word' id='word_1_182' title='bbox 298 3433 463 3510; x_wconf 90' lang='lat' dir='ltr'>sionibus</span> <span class='ocrx_word' id='word_1_183' title='bbox 485 3435 591 3527; x_wconf 91' lang='lat' dir='ltr'>lucis,</span> <span class='ocrx_word' id='word_1_184' title='bbox 616 3435 677 3512; x_wconf 89' lang='lat' dir='ltr'>vel</span> <span class='ocrx_word' id='word_1_185' title='bbox 705 3435 838 3511; x_wconf 77' lang='lat' dir='ltr'>eoloris</span> <span class='ocrx_word' id='word_1_186' title='bbox 867 3433 1034 3536; x_wconf 70' lang='lat' dir='ltr'>alicujus</span> <span class='ocrx_word' id='word_1_187' title='bbox 1063 3459 1160 3535; x_wconf 88' lang='lat' dir='ltr'>quae</span> <span class='ocrx_word' id='word_1_188' title='bbox 1179 3431 1425 3509; x_wconf 89' lang='lat' dir='ltr'>dimensiones</span> 
     </span>
     <span class='ocr_line' id='line_1_26' title="bbox 297 3557 1428 3664; baseline -0.003 -28"><span class='ocrx_word' id='word_1_189' title='bbox 297 3561 463 3663; x_wconf 87' lang='lat' dir='ltr'>corporis</span> <span class='ocrx_word' id='word_1_190' title='bbox 497 3561 671 3664; x_wconf 80' lang='lat' dir='ltr'>diophani</span> <span class='ocrx_word' id='word_1_191' title='bbox 700 3562 928 3663; x_wconf 84' lang='lat' dir='ltr'>adaequant,</span> <span class='ocrx_word' id='word_1_192' title='bbox 957 3560 1045 3636; x_wconf 88' lang='lat' dir='ltr'>licet</span> <span class='ocrx_word' id='word_1_193' title='bbox 1072 3558 1319 3636; x_wconf 85' lang='lat' dir='ltr'>dimensiones</span> <span class='ocrx_word' id='word_1_194' title='bbox 1347 3557 1428 3635; x_wconf 87' lang='lat' dir='ltr'>illas</span> 
     </span>
     <span class='ocr_line' id='line_1_27' title="bbox 297 3679 1433 3787; baseline -0.004 -27"><span class='ocrx_word' id='word_1_195' title='bbox 297 3707 372 3760; x_wconf 90' lang='lat' dir='ltr'>non</span> <span class='ocrx_word' id='word_1_196' title='bbox 391 3683 477 3779; x_wconf 88' lang='lat' dir='ltr'>luci,</span> <span class='ocrx_word' id='word_1_197' title='bbox 509 3685 572 3761; x_wconf 93' lang='lat' dir='ltr'>sed</span> <span class='ocrx_word' id='word_1_198' title='bbox 588 3685 735 3787; x_wconf 80' lang='lat' dir='ltr'>corpori</span> <span class='ocrx_word' id='word_1_199' title='bbox 764 3685 970 3762; x_wconf 90' lang='lat' dir='ltr'>illuminato</span> <span class='ocrx_word' id='word_1_200' title='bbox 986 3682 1156 3786; x_wconf 89' lang='lat' dir='ltr'>proprias</span> <span class='ocrx_word' id='word_1_201' title='bbox 1175 3679 1336 3758; x_wconf 92' lang='lat' dir='ltr'>dicendo</span> <span class='ocrx_word' id='word_1_202' title='bbox 1352 3706 1433 3783; x_wconf 87' lang='lat' dir='ltr'>per-</span> 
     </span>
     <span class='ocr_line' id='line_1_28' title="bbox 303 3806 1428 3913; baseline -0.004 -27"><span class='ocrx_word' id='word_1_203' title='bbox 303 3810 478 3888; x_wconf 90' lang='lat' dir='ltr'>sisterent</span> <span class='ocrx_word' id='word_1_204' title='bbox 501 3811 753 3913; x_wconf 86' lang='lat' dir='ltr'>Peripatetici:</span> <span class='ocrx_word' id='word_1_205' title='bbox 774 3812 837 3888; x_wconf 90' lang='lat' dir='ltr'>sed</span> <span class='ocrx_word' id='word_1_206' title='bbox 856 3810 1083 3888; x_wconf 86' lang='lat' dir='ltr'>nosinterim</span> <span class='ocrx_word' id='word_1_207' title='bbox 1102 3833 1177 3885; x_wconf 92' lang='lat' dir='ltr'>non</span> <span class='ocrx_word' id='word_1_208' title='bbox 1197 3806 1428 3909; x_wconf 85' lang='lat' dir='ltr'>urgebimus.</span> 
     </span>
    </p>
   </div>
   <div class='ocr_carea' id='block_1_3' title="bbox 344 4021 916 4101">
    <p class='ocr_par' dir='ltr' id='par_1_3' title="bbox 344 4021 916 4101">
     <span class='ocr_line' id='line_1_29' title="bbox 344 4021 916 4101; baseline -0.002 -21"><span class='ocrx_word' id='word_1_209' title='bbox 344 4021 388 4097; x_wconf 94' lang='lat' dir='ltr'>(l)</span> <span class='ocrx_word' id='word_1_210' title='bbox 403 4021 426 4080; x_wconf 94' lang='grc'>11</span> <span class='ocrx_word' id='word_1_211' title='bbox 439 4021 563 4084; x_wconf 73' lang='lat' dir='ltr'>Gsrcrer</span> <span class='ocrx_word' id='word_1_212' title='bbox 575 4023 725 4099; x_wconf 78' lang='lat' dir='ltr'>aggiunge</span> <span class='ocrx_word' id='word_1_213' title='bbox 737 4023 784 4101; x_wconf 87' lang='lat' dir='ltr'>qui</span> <span class='ocrx_word' id='word_1_214' title='bbox 801 4041 839 4082; x_wconf 91' lang='lat' dir='ltr'>un</span> <span class='ocrx_word' id='word_1_215' title='bbox 853 4021 916 4081; x_wconf 84' lang='lat' dir='ltr'>sed.</span> 
     </span>
    </p>
   </div>
   <div class='ocr_carea' id='block_1_4' title="bbox 0 0 1735 5108">
    <p class='ocr_par' dir='ltr' id='par_1_4' title="bbox 0 0 1735 5108">
     <span class='ocr_line' id='line_1_30' title="bbox 0 0 1735 5108; baseline 0 0"><span class='ocrx_word' id='word_1_216' title='bbox 0 0 1735 5108; x_wconf 95' lang='lat' dir='ltr'> </span> 
     </span>
    </p>
   </div>
  </div>
 </body>
</html>
