3442 5108
774 352 947 414 -126-

298 539 436 642 alioqui
453 539 537 617 ideo
554 539 648 617 mihi
666 541 792 617 tantus
811 539 915 617 locus
935 543 993 617 est
1010 539 1049 615 in
1063 562 1149 616 aere
1168 542 1205 616 et
1223 539 1263 616 in
1290 564 1412 642 aqua,

298 664 385 766 quia
412 687 481 766 ego
500 668 628 742 tantus
646 689 742 758 sum,
762 668 799 740 et
826 664 907 741 ideo
924 668 1049 742 terrae
1067 667 1196 741 tantus
1223 663 1327 743 locus
1355 670 1414 742 θεῖ

296 791 334 867 in
353 790 455 868 coelo
474 790 555 867 sive
573 791 696 894 spacio
716 790 894 885 universi,
914 790 1001 892 quia
1017 797 1120 867 terra
1138 793 1244 867 tanta
1262 794 1331 867 θεῖ.

347 913 562 993 Differentia
593 915 741 1017 quidem
773 917 870 993 inter
902 915 1025 994 locum
1057 920 1095 991 θῖ
1127 914 1294 1017 spacium
1317 915 1412 992 haec

295 1044 376 1130 est,
397 1042 483 1143 quia
514 1042 681 1147 spacium
707 1045 763 1119 est
790 1066 924 1120 nomen
944 1039 1103 1120 absoluti
1121 1100 1129 1134 ‚
1149 1042 1258 1120 locus
1275 1066 1414 1120 nomen

295 1168 503 1269 respectivi:
523 1168 611 1244 hinc
629 1167 796 1272 spacium
814 1171 871 1245 est
888 1168 991 1245 locus
1010 1171 1162 1271 propter
1179 1166 1357 1262 locatum,
1376 1172 1415 1245 et

294 1293 458 1371 locatum
491 1297 634 1397 majuS‚
655 1295 820 1398 spacium
839 1297 961 1397 majus
980 1294 1107 1396 exigat
1125 1299 1296 1395 oportet:
1317 1293 1414 1396 quod

294 1416 325 1492 si
344 1416 397 1493 ita
416 1421 498 1511 θεῖ,
516 1418 641 1522 potius
663 1417 720 1523 (1)
748 1417 911 1495 locatum
929 1419 1106 1495 terminat
1133 1417 1281 1511 locum,
1302 1443 1414 1520 qnam

293 1541 397 1619 locus
439 1545 623 1622 locatum:
661 1543 824 1621 locatum
861 1542 959 1620 enirn
992 1543 1121 1620 definit
1152 1542 1413 1645 contrahitque

294 1667 461 1770 spacium
480 1670 526 1746 ad
545 1695 626 1746 esse
644 1667 701 1775 (2)
719 1669 864 1762 locum,
883 1668 995 1745 talem
1014 1668 1158 1763 locum,
1186 1671 1332 1746 tantum
1352 1668 1413 1744 lo-

295 1818 392 1872 cum:
412 1796 581 1896 quamvis
598 1796 743 1874 nullum
763 1795 930 1898 spacium
949 1796 997 1873 sit
1016 1797 1095 1872 sinc
1123 1820 1289 1898 corpore,
1316 1795 1413 1872 sicut

293 1919 437 1997 nullum
456 1946 590 2024 corpus
609 1923 762 2000 estsine
781 1947 837 2015 eo,
856 1921 952 2023 quod
970 1927 1142 2024 occupet,
1161 1923 1300 2025 spacio.
1320 1921 1410 1997 Loci

294 2067 404 2144 porro
420 2049 488 2134 est,
508 2050 549 2124 ut
575 2047 623 2124 sit
642 2045 777 2123 alicubi
796 2046 832 2122 in
851 2046 1001 2148 spacio:
1021 2051 1060 2123 θῖ
1078 2046 1192 2148 spacii
1211 2051 1280 2137 θεῖ,
1301 2049 1343 2123 ut
1362 2044 1412 2122 sit

294 2167 429 2271 ubique
447 2170 562 2266 loom,
582 2176 618 2249 θῖ
636 2197 710 2248 non
726 2171 859 2248 alicubi
877 2171 915 2247 in
930 2169 1031 2260 loco;
1048 2171 1079 2248 si
1093 2173 1187 2248 bene
1201 2169 1409 2274 percipiant

294 2294 391 2371 Zeno
410 2300 448 2373 et
476 2299 707 2378 Aristotcles.

730 2572 850 2628 nnnc.
878 2573 971 2625 XXX.

348 2799 512 2877 Stultum
545 2805 601 2877 θεῖ
633 2799 756 2877 locum
782 2799 830 2875 ad
857 2823 939 2875 θεεθ
955 2797 1153 2875 materiam
1171 2798 1232 2874 vel
1250 2798 1410 2874 formam

294 2930 476 3020 coactare,
496 2952 582 3005 cnm
601 2927 716 3029 possit
734 2952 826 3020 θεεθ,
846 2924 967 3026 sitque
986 2924 1097 3016 alind.

792 3195 914 3250 RATIO.

346 3421 477 3498 Potuit
503 3444 592 3496 sane
610 3420 720 3499 Plato
740 3422 898 3509 dixisse,
917 3416 1113 3497 materiam
1132 3438 1214 3491 esse
1233 3420 1408 3519 recepta-

293 3549 420 3628 culum
438 3548 635 3650 quoddam,
655 3553 693 3624 et
709 3547 833 3626 locum
853 3544 1036 3651 quoddam
1053 3540 1330 3642 receptaculum
1356 3568 1409 3620 θε-

293 3701 344 3755 εθ.
356 3677 440 3754 Non
458 3678 653 3778 propterea
671 3673 877 3752 calumniae
895 3673 998 3749 locus
1017 3670 1109 3759 erat,
1129 3669 1183 3758 nt,
1197 3668 1311 3768 Juxta
1330 3671 1412 3747 Ari·

332 3944 376 4020 (1)
391 3940 449 4003 Nol
462 3947 539 4004 testo
547 3946 653 4022 potira
667 3951 684 4003 θ
697 3943 837 4021 ripetnto.

330 4043 374 4122 (2)
389 4043 415 4103 11
428 4048 505 4104 testo
519 4044 557 4103 ha
570 4044 672 4104 adesse
687 4065 694 4102 ε
715 4043 736 4109 il
747 4043 868 4102 Gfrorer
881 4057 936 4098 non
951 4038 1013 4099 solo
1023 4037 1051 4097 lo
1064 4035 1155 4096 lascia
1166 4035 1227 4096 talc
1242 4038 1348 4113 quale,
1363 4061 1411 4102 ma

293 4141 324 4199 vi
338 4148 481 4220 premettc
501 4160 559 4202 una
572 4142 698 4219 rirgola‚
711 4143 766 4203 che
780 4160 836 4201 non
849 4147 866 4199 c
879 4138 926 4199 nel
936 4140 1023 4209 testo,
1036 4153 1053 4194 o
1066 4138 1174 4212 gaasar
1185 4134 1208 4195 il
1221 4153 1316 4210 senso,
1331 4141 1405 4202 ch'e:

294 4243 315 4302 il
328 4243 424 4303 locato
439 4246 560 4303 contrae
574 4244 602 4303 lo
617 4243 715 4320 spazio
729 4241 766 4301 ad
777 4257 857 4300 esser
869 4237 969 4314 luogo,
976 4234 1043 4313 quel
1056 4233 1099 4295 tal
1118 4232 1225 4312 luogo,
1240 4237 1308 4312 quel
1322 4242 1408 4300 tanto

291 4341 390 4421 luogo.
