<?xml version="1.0" encoding="UTF-8"?>
<!DOCTYPE html PUBLIC "-//W3C//DTD XHTML 1.0 Transitional//EN"
    "http://www.w3.org/TR/xhtml1/DTD/xhtml1-transitional.dtd">
<html xmlns="http://www.w3.org/1999/xhtml" xml:lang="en" lang="en">
 <head>
  <title>
</title>
<meta http-equiv="Content-Type" content="text/html;charset=utf-8" />
  <meta name='ocr-system' content='tesseract 3.04.00' />
  <meta name='ocr-capabilities' content='ocr_page ocr_carea ocr_par ocr_line ocrx_word'/>
</head>
<body>
  <div class='ocr_page' id='page_1' title='image "./jordanibruninol04brungoog_0406.png"; bbox 0 0 3442 5108; ppageno 0'>
   <div class='ocr_carea' id='block_1_1' title="bbox 651 342 828 403">
    <p class='ocr_par' dir='ltr' id='par_1_1' title="bbox 651 342 828 403">
     <span class='ocr_line' id='line_1_1' title="bbox 651 342 828 403; baseline 0 -1"><span class='ocrx_word' id='word_1_1' title='bbox 651 342 828 403; x_wconf 83' lang='lat'>-359-</span> 
     </span>
    </p>
   </div>
   <div class='ocr_carea' id='block_1_2' title="bbox 65 479 1305 559">
    <p class='ocr_par' dir='ltr' id='par_1_2' title="bbox 65 479 1305 559">
     <span class='ocr_line' id='line_1_2' title="bbox 65 479 1305 559; baseline -0.002 -16"><span class='ocrx_word' id='word_1_2' title='bbox 65 514 74 528; x_wconf 88' lang='lat'>·</span> <span class='ocrx_word' id='word_1_3' title='bbox 177 481 370 544; x_wconf 81' lang='lat' dir='ltr'>existentibus</span> <span class='ocrx_word' id='word_1_4' title='bbox 382 480 412 540; x_wconf 90' lang='lat' dir='ltr'><strong>in</strong></span> <span class='ocrx_word' id='word_1_5' title='bbox 429 479 762 558; x_wconf 84' lang='lat' dir='ltr'><strong>punctonropinquior·</strong></span> <span class='ocrx_word' id='word_1_6' title='bbox 776 499 846 540; x_wconf 81' lang='lat' dir='ltr'><strong>sarie</strong></span> <span class='ocrx_word' id='word_1_7' title='bbox 857 479 916 541; x_wconf 88' lang='lat' dir='ltr'><strong>erit</strong></span> <span class='ocrx_word' id='word_1_8' title='bbox 930 484 1049 559; x_wconf 89' lang='lat' dir='ltr'><strong>propter</strong></span> <span class='ocrx_word' id='word_1_9' title='bbox 1060 480 1305 558; x_wconf 90' lang='lat' dir='ltr'><strong>perpendiculari·</strong></span> 
     </span>
    </p>
   </div>
   <div class='ocr_carea' id='block_1_3' title="bbox 176 596 1309 1403">
    <p class='ocr_par' dir='ltr' id='par_1_3' title="bbox 176 596 1309 1403">
     <span class='ocr_line' id='line_1_3' title="bbox 176 596 1308 678; baseline -0.001 -18"><span class='ocrx_word' id='word_1_10' title='bbox 176 605 268 661; x_wconf 84' lang='lat' dir='ltr'><strong>tatem</strong></span> <span class='ocrx_word' id='word_1_11' title='bbox 283 599 377 660; x_wconf 86' lang='lat' dir='ltr'><strong>linoae</strong></span> <span class='ocrx_word' id='word_1_12' title='bbox 391 598 450 658; x_wconf 77' lang='lat' dir='ltr'><strong>CA:</strong></span> <span class='ocrx_word' id='word_1_13' title='bbox 469 601 500 656; x_wconf 92' lang='lat' dir='ltr'><strong>et</strong></span> <span class='ocrx_word' id='word_1_14' title='bbox 510 596 551 656; x_wconf 91' lang='lat' dir='ltr'><strong>ibi</strong></span> <span class='ocrx_word' id='word_1_15' title='bbox 565 597 661 659; x_wconf 91' lang='lat' dir='ltr'><strong>minus</strong></span> <span class='ocrx_word' id='word_1_16' title='bbox 676 598 849 674; x_wconf 82' lang='lat' dir='ltr'><strong>magnitudo</strong></span> <span class='ocrx_word' id='word_1_17' title='bbox 863 598 933 659; x_wconf 89' lang='lat' dir='ltr'><strong>solis</strong></span> <span class='ocrx_word' id='word_1_18' title='bbox 946 599 983 657; x_wconf 90' lang='lat' dir='ltr'><strong>ab</strong></span> <span class='ocrx_word' id='word_1_19' title='bbox 998 598 1076 658; x_wconf 90' lang='lat' dir='ltr'><strong>neris</strong></span> <span class='ocrx_word' id='word_1_20' title='bbox 1090 598 1173 659; x_wconf 89' lang='lat' dir='ltr'><strong>nobis</strong></span> <span class='ocrx_word' id='word_1_21' title='bbox 1187 599 1308 678; x_wconf 90' lang='lat' dir='ltr'><strong>propin·</strong></span> 
     </span>
     <span class='ocr_line' id='line_1_4' title="bbox 179 717 1306 800; baseline 0 -20"><span class='ocrx_word' id='word_1_22' title='bbox 179 721 227 800; x_wconf 89' lang='lat' dir='ltr'><strong>qni</strong></span> <span class='ocrx_word' id='word_1_23' title='bbox 242 719 404 798; x_wconf 80' lang='lat' dir='ltr'><strong>vapiditate</strong></span> <span class='ocrx_word' id='word_1_24' title='bbox 413 719 457 798; x_wconf 89' lang='lat' dir='ltr'><strong>(l)</strong></span> <span class='ocrx_word' id='word_1_25' title='bbox 475 717 651 779; x_wconf 76' lang='lat' dir='ltr'><strong>alterabitur</strong></span> <span class='ocrx_word' id='word_1_26' title='bbox 665 721 694 777; x_wconf 89' lang='lat' dir='ltr'><strong>et</strong></span> <span class='ocrx_word' id='word_1_27' title='bbox 708 723 921 794; x_wconf 87' lang='lat' dir='ltr'><strong>consequenter</strong></span> <span class='ocrx_word' id='word_1_28' title='bbox 933 718 1031 779; x_wconf 92' lang='lat' dir='ltr'><strong>minor</strong></span> <span class='ocrx_word' id='word_1_29' title='bbox 1040 718 1202 796; x_wconf 88' lang='lat' dir='ltr'><strong>apparebit.</strong></span> <span class='ocrx_word' id='word_1_30' title='bbox 1212 717 1306 780; x_wconf 89' lang='lat' dir='ltr'><strong>Nobis</strong></span> 
     </span>
     <span class='ocr_line' id='line_1_5' title="bbox 179 839 1308 919; baseline -0.004 -18"><span class='ocrx_word' id='word_1_31' title='bbox 179 861 249 902; x_wconf 90' lang='lat' dir='ltr'><strong>vero</strong></span> <span class='ocrx_word' id='word_1_32' title='bbox 264 842 456 902; x_wconf 81' lang='lat' dir='ltr'><strong>existentibus</strong></span> <span class='ocrx_word' id='word_1_33' title='bbox 475 842 505 900; x_wconf 91' lang='lat' dir='ltr'><strong>in</strong></span> <span class='ocrx_word' id='word_1_34' title='bbox 516 844 624 919; x_wconf 89' lang='lat' dir='ltr'><strong>puncto</strong></span> <span class='ocrx_word' id='word_1_35' title='bbox 639 839 673 912; x_wconf 91' lang='lat' dir='ltr'><strong>B,</strong></span> <span class='ocrx_word' id='word_1_36' title='bbox 686 839 748 898; x_wconf 89' lang='lat' dir='ltr'><strong>sole</strong></span> <span class='ocrx_word' id='word_1_37' title='bbox 764 855 835 898; x_wconf 89' lang='lat' dir='ltr'><strong>vero</strong></span> <span class='ocrx_word' id='word_1_38' title='bbox 847 843 999 898; x_wconf 80' lang='lat' dir='ltr'><strong>constante</strong></span> <span class='ocrx_word' id='word_1_39' title='bbox 1014 839 1043 898; x_wconf 91' lang='lat' dir='ltr'><strong>in</strong></span> <span class='ocrx_word' id='word_1_40' title='bbox 1055 843 1162 916; x_wconf 90' lang='lat' dir='ltr'><strong>puncto</strong></span> <span class='ocrx_word' id='word_1_41' title='bbox 1175 839 1308 899; x_wconf 89' lang='lat' dir='ltr'><strong>meridiei</strong></span> 
     </span>
     <span class='ocr_line' id='line_1_6' title="bbox 180 962 1307 1045; baseline -0.004 -17"><span class='ocrx_word' id='word_1_42' title='bbox 180 970 216 1041; x_wconf 83' lang='grc' dir='ltr'><strong>Α,</strong></span> <span class='ocrx_word' id='word_1_43' title='bbox 232 967 328 1045; x_wconf 90' lang='lat' dir='ltr'><strong>qualis</strong></span> <span class='ocrx_word' id='word_1_44' title='bbox 341 972 387 1027; x_wconf 89' lang='lat' dir='ltr'><strong>est</strong></span> <span class='ocrx_word' id='word_1_45' title='bbox 400 967 449 1026; x_wconf 92' lang='lat' dir='ltr'><strong>nbi</strong></span> <span class='ocrx_word' id='word_1_46' title='bbox 464 967 558 1043; x_wconf 84' lang='lat' dir='ltr'><strong>magis</strong></span> <span class='ocrx_word' id='word_1_47' title='bbox 573 981 678 1024; x_wconf 89' lang='lat' dir='ltr'><strong>versus</strong></span> <span class='ocrx_word' id='word_1_48' title='bbox 694 962 863 1042; x_wconf 81' lang='lat' dir='ltr'><strong>capricorni</strong></span> <span class='ocrx_word' id='word_1_49' title='bbox 879 964 1023 1041; x_wconf 90' lang='lat' dir='ltr'><strong>tropicum</strong></span> <span class='ocrx_word' id='word_1_50' title='bbox 1038 963 1159 1024; x_wconf 89' lang='lat' dir='ltr'><strong>inclinat</strong></span> <span class='ocrx_word' id='word_1_51' title='bbox 1171 984 1179 1038; x_wconf 90' lang='lat'><strong>;</strong></span> <span class='ocrx_word' id='word_1_52' title='bbox 1193 963 1247 1023; x_wconf 87' lang='lat' dir='ltr'><strong>etsi</strong></span> <span class='ocrx_word' id='word_1_53' title='bbox 1263 964 1307 1023; x_wconf 88' lang='lat' dir='ltr'><strong>sol</strong></span> 
     </span>
     <span class='ocr_line' id='line_1_7' title="bbox 180 1080 1308 1165; baseline -0.005 -17"><span class='ocrx_word' id='word_1_54' title='bbox 180 1090 275 1164; x_wconf 81' lang='lat' dir='ltr'><strong>magis</strong></span> <span class='ocrx_word' id='word_1_55' title='bbox 290 1086 415 1146; x_wconf 90' lang='lat' dir='ltr'><strong>absistat</strong></span> <span class='ocrx_word' id='word_1_56' title='bbox 429 1089 540 1165; x_wconf 89' lang='lat' dir='ltr'><strong>quanto</strong></span> <span class='ocrx_word' id='word_1_57' title='bbox 554 1084 632 1143; x_wconf 91' lang='lat' dir='ltr'><strong>linea</strong></span> <span class='ocrx_word' id='word_1_58' title='bbox 646 1083 698 1142; x_wconf 81' lang='grc' dir='ltr'><strong>ΒΑ</strong></span> <span class='ocrx_word' id='word_1_59' title='bbox 710 1082 805 1160; x_wconf 89' lang='lat' dir='ltr'><strong>major</strong></span> <span class='ocrx_word' id='word_1_60' title='bbox 826 1086 872 1142; x_wconf 89' lang='lat' dir='ltr'><strong>est</strong></span> <span class='ocrx_word' id='word_1_61' title='bbox 886 1099 972 1158; x_wconf 91' lang='lat' dir='ltr'><strong>quam</strong></span> <span class='ocrx_word' id='word_1_62' title='bbox 987 1080 1064 1141; x_wconf 86' lang='lat' dir='ltr'><strong>linea</strong></span> <span class='ocrx_word' id='word_1_63' title='bbox 1078 1081 1138 1155; x_wconf 57' lang='lat' dir='ltr'><strong>cle</strong></span> <span class='ocrx_word' id='word_1_64' title='bbox 1152 1082 1244 1142; x_wconf 91' lang='lat' dir='ltr'><strong>nihilo</strong></span> <span class='ocrx_word' id='word_1_65' title='bbox 1259 1087 1308 1142; x_wconf 90' lang='lat' dir='ltr'><strong>ta·</strong></span> 
     </span>
     <span class='ocr_line' id='line_1_8' title="bbox 183 1201 1307 1283; baseline -0.007 -15"><span class='ocrx_word' id='word_1_66' title='bbox 183 1226 248 1268; x_wconf 89' lang='lat' dir='ltr'><strong>men</strong></span> <span class='ocrx_word' id='word_1_67' title='bbox 264 1206 360 1267; x_wconf 91' lang='lat' dir='ltr'><strong>minus</strong></span> <span class='ocrx_word' id='word_1_68' title='bbox 374 1210 436 1267; x_wconf 89' lang='lat' dir='ltr'><strong>tum</strong></span> <span class='ocrx_word' id='word_1_69' title='bbox 452 1206 521 1283; x_wconf 91' lang='lat' dir='ltr'><strong>quia</strong></span> <span class='ocrx_word' id='word_1_70' title='bbox 535 1205 600 1283; x_wconf 90' lang='lat' dir='ltr'><strong>plus</strong></span> <span class='ocrx_word' id='word_1_71' title='bbox 621 1204 698 1263; x_wconf 89' lang='lat' dir='ltr'><strong>aeris</strong></span> <span class='ocrx_word' id='word_1_72' title='bbox 712 1202 900 1263; x_wconf 89' lang='lat' dir='ltr'><strong>intermediat</strong></span> <span class='ocrx_word' id='word_1_73' title='bbox 924 1202 1003 1263; x_wconf 88' lang='lat' dir='ltr'><strong>inter</strong></span> <span class='ocrx_word' id='word_1_74' title='bbox 1024 1202 1119 1262; x_wconf 89' lang='lat' dir='ltr'><strong>visum</strong></span> <span class='ocrx_word' id='word_1_75' title='bbox 1134 1205 1266 1262; x_wconf 88' lang='lat' dir='ltr'><strong>nostrum</strong></span> <span class='ocrx_word' id='word_1_76' title='bbox 1282 1201 1307 1260; x_wconf 93' lang='lat' dir='ltr'>B</span> 
     </span>
     <span class='ocr_line' id='line_1_9' title="bbox 181 1324 1309 1403; baseline -0.001 -17"><span class='ocrx_word' id='word_1_77' title='bbox 181 1332 212 1388; x_wconf 92' lang='lat' dir='ltr'><strong>et</strong></span> <span class='ocrx_word' id='word_1_78' title='bbox 227 1330 319 1389; x_wconf 89' lang='lat' dir='ltr'><strong>solem</strong></span> <span class='ocrx_word' id='word_1_79' title='bbox 336 1328 373 1401; x_wconf 76' lang='lat' dir='ltr'><strong>A,</strong></span> <span class='ocrx_word' id='word_1_80' title='bbox 388 1330 453 1386; x_wconf 90' lang='lat' dir='ltr'><strong>tum</strong></span> <span class='ocrx_word' id='word_1_81' title='bbox 473 1326 543 1403; x_wconf 90' lang='lat' dir='ltr'><strong>quia</strong></span> <span class='ocrx_word' id='word_1_82' title='bbox 553 1342 605 1385; x_wconf 91' lang='lat' dir='ltr'><strong>aer</strong></span> <span class='ocrx_word' id='word_1_83' title='bbox 619 1325 829 1386; x_wconf 83' lang='lat' dir='ltr'><strong>intermediam</strong></span> <span class='ocrx_word' id='word_1_84' title='bbox 844 1329 890 1384; x_wconf 85' lang='lat' dir='ltr'><strong>est</strong></span> <span class='ocrx_word' id='word_1_85' title='bbox 904 1326 1048 1399; x_wconf 76' lang='lat' dir='ltr'><strong>crassior,</strong></span> <span class='ocrx_word' id='word_1_86' title='bbox 1063 1324 1198 1401; x_wconf 87' lang='lat' dir='ltr'><strong>quoniam</strong></span> <span class='ocrx_word' id='word_1_87' title='bbox 1212 1342 1231 1384; x_wconf 91' lang='lat' dir='ltr'><strong>a</strong></span> <span class='ocrx_word' id='word_1_88' title='bbox 1247 1324 1309 1385; x_wconf 90' lang='lat' dir='ltr'><strong>sole</strong></span> 
     </span>
    </p>
   </div>
   <div class='ocr_carea' id='block_1_4' title="bbox 181 1447 1308 1529">
    <p class='ocr_par' dir='ltr' id='par_1_4' title="bbox 181 1447 1308 1529">
     <span class='ocr_line' id='line_1_10' title="bbox 181 1447 1308 1529; baseline -0.004 -17"><span class='ocrx_word' id='word_1_89' title='bbox 181 1453 277 1529; x_wconf 84' lang='lat' dir='ltr'><strong>magis</strong></span> <span class='ocrx_word' id='word_1_90' title='bbox 292 1451 413 1511; x_wconf 87' lang='lat' dir='ltr'><strong>abstans</strong></span> <span class='ocrx_word' id='word_1_91' title='bbox 425 1451 523 1510; x_wconf 91' lang='lat' dir='ltr'><strong>minus</strong></span> <span class='ocrx_word' id='word_1_92' title='bbox 538 1452 584 1510; x_wconf 91' lang='lat' dir='ltr'><strong>est</strong></span> <span class='ocrx_word' id='word_1_93' title='bbox 595 1449 789 1510; x_wconf 86' lang='lat' dir='ltr'><strong>subtilitatus:</strong></span> <span class='ocrx_word' id='word_1_94' title='bbox 801 1448 967 1508; x_wconf 87' lang='lat' dir='ltr'><strong>necessario</strong></span> <span class='ocrx_word' id='word_1_95' title='bbox 982 1451 1094 1507; x_wconf 90' lang='lat' dir='ltr'><strong>astrum</strong></span> <span class='ocrx_word' id='word_1_96' title='bbox 1107 1447 1202 1525; x_wconf 89' lang='lat' dir='ltr'><strong>majus</strong></span> <span class='ocrx_word' id='word_1_97' title='bbox 1216 1464 1308 1525; x_wconf 90' lang='lat' dir='ltr'><strong>appa·</strong></span> 
     </span>
    </p>
   </div>
   <div class='ocr_carea' id='block_1_5' title="bbox 182 1568 1317 3703">
    <p class='ocr_par' dir='ltr' id='par_1_5' title="bbox 182 1568 1317 3703">
     <span class='ocr_line' id='line_1_11' title="bbox 185 1568 1309 1649; baseline -0.004 -15"><span class='ocrx_word' id='word_1_98' title='bbox 185 1575 271 1634; x_wconf 85' lang='lat' dir='ltr'><strong>rabit:</strong></span> <span class='ocrx_word' id='word_1_99' title='bbox 287 1574 447 1634; x_wconf 83' lang='lat' dir='ltr'><strong>maximum</strong></span> <span class='ocrx_word' id='word_1_100' title='bbox 462 1572 580 1632; x_wconf 88' lang='lat' dir='ltr'><strong>tandem</strong></span> <span class='ocrx_word' id='word_1_101' title='bbox 596 1572 763 1632; x_wconf 90' lang='lat' dir='ltr'><strong>tenentibus</strong></span> <span class='ocrx_word' id='word_1_102' title='bbox 778 1570 861 1630; x_wconf 90' lang='lat' dir='ltr'><strong>nobis</strong></span> <span class='ocrx_word' id='word_1_103' title='bbox 875 1575 1016 1649; x_wconf 89' lang='lat' dir='ltr'><strong>punctum</strong></span> <span class='ocrx_word' id='word_1_104' title='bbox 1025 1568 1062 1644; x_wconf 87' lang='lat' dir='ltr'><strong>G,</strong></span> <span class='ocrx_word' id='word_1_105' title='bbox 1070 1574 1149 1630; x_wconf 87' lang='lat' dir='ltr'><strong>astro</strong></span> <span class='ocrx_word' id='word_1_106' title='bbox 1165 1588 1235 1630; x_wconf 85' lang='lat' dir='ltr'><strong>vero</strong></span> <span class='ocrx_word' id='word_1_107' title='bbox 1246 1588 1309 1630; x_wconf 91' lang='lat' dir='ltr'><strong>me-</strong></span> 
     </span>
     <span class='ocr_line' id='line_1_12' title="bbox 182 1688 1310 1767; baseline 0.002 -18"><span class='ocrx_word' id='word_1_108' title='bbox 182 1691 356 1750; x_wconf 90' lang='lat' dir='ltr'><strong>ridionalem</strong></span> <span class='ocrx_word' id='word_1_109' title='bbox 367 1692 508 1767; x_wconf 88' lang='lat' dir='ltr'><strong>punctum</strong></span> <span class='ocrx_word' id='word_1_110' title='bbox 518 1690 547 1749; x_wconf 93' lang='lat' dir='ltr'><strong>in</strong></span> <span class='ocrx_word' id='word_1_111' title='bbox 559 1689 670 1766; x_wconf 92' lang='lat' dir='ltr'><strong>tropico</strong></span> <span class='ocrx_word' id='word_1_112' title='bbox 682 1688 850 1767; x_wconf 81' lang='lat' dir='ltr'><strong>Capricorni</strong></span> <span class='ocrx_word' id='word_1_113' title='bbox 860 1690 895 1749; x_wconf 74' lang='lat' dir='ltr'><strong>A.</strong></span> <span class='ocrx_word' id='word_1_114' title='bbox 906 1688 1082 1749; x_wconf 86' lang='lat' dir='ltr'><strong>Aristoteles</strong></span> <span class='ocrx_word' id='word_1_115' title='bbox 1094 1690 1218 1762; x_wconf 86' lang='lat' dir='ltr'><strong>notavit,</strong></span> <span class='ocrx_word' id='word_1_116' title='bbox 1230 1691 1310 1751; x_wconf 85' lang='lat' dir='ltr'><strong>Euro</strong></span> 
     </span>
     <span class='ocr_line' id='line_1_13' title="bbox 183 1811 1310 1893; baseline 0.001 -20"><span class='ocrx_word' id='word_1_117' title='bbox 183 1814 274 1873; x_wconf 89' lang='lat' dir='ltr'><strong>ssante</strong></span> <span class='ocrx_word' id='word_1_118' title='bbox 289 1812 388 1872; x_wconf 86' lang='lat' dir='ltr'><strong>sidera</strong></span> <span class='ocrx_word' id='word_1_119' title='bbox 403 1811 496 1872; x_wconf 86' lang='lat' dir='ltr'><strong>videri</strong></span> <span class='ocrx_word' id='word_1_120' title='bbox 512 1811 635 1889; x_wconf 88' lang='lat' dir='ltr'><strong>majora.</strong></span> <span class='ocrx_word' id='word_1_121' title='bbox 650 1811 749 1872; x_wconf 86' lang='lat' dir='ltr'><strong>Audio</strong></span> <span class='ocrx_word' id='word_1_122' title='bbox 760 1812 875 1871; x_wconf 87' lang='lat' dir='ltr'><strong>Bathea</strong></span> <span class='ocrx_word' id='word_1_123' title='bbox 886 1812 1128 1873; x_wconf 87' lang='lat' dir='ltr'><strong>Macbilinensem</strong></span> <span class='ocrx_word' id='word_1_124' title='bbox 1139 1814 1217 1874; x_wconf 89' lang='lat' dir='ltr'><strong>inter</strong></span> <span class='ocrx_word' id='word_1_125' title='bbox 1230 1832 1310 1893; x_wconf 87' lang='lat' dir='ltr'><strong>praa·</strong></span> 
     </span>
     <span class='ocr_line' id='line_1_14' title="bbox 183 1929 1312 2012; baseline 0 -21"><span class='ocrx_word' id='word_1_126' title='bbox 183 1931 283 2010; x_wconf 90' lang='lat' dir='ltr'><strong>cipuos</strong></span> <span class='ocrx_word' id='word_1_127' title='bbox 297 1931 521 1989; x_wconf 85' lang='lat' dir='ltr'><strong>mathematicos</strong></span> <span class='ocrx_word' id='word_1_128' title='bbox 542 1929 652 1990; x_wconf 82' lang='lat' dir='ltr'><strong>referre</strong></span> <span class='ocrx_word' id='word_1_129' title='bbox 667 1930 704 1989; x_wconf 91' lang='lat' dir='ltr'><strong>ad</strong></span> <span class='ocrx_word' id='word_1_130' title='bbox 725 1931 990 1992; x_wconf 88' lang='lat' dir='ltr'><strong>instrumentorum</strong></span> <span class='ocrx_word' id='word_1_131' title='bbox 1011 1950 1099 2010; x_wconf 88' lang='lat' dir='ltr'><strong>super</strong></span> <span class='ocrx_word' id='word_1_132' title='bbox 1119 1951 1155 1993; x_wconf 90' lang='lat' dir='ltr'><strong>ea</strong></span> <span class='ocrx_word' id='word_1_133' title='bbox 1168 1951 1201 1992; x_wconf 90' lang='lat' dir='ltr'><strong>re</strong></span> <span class='ocrx_word' id='word_1_134' title='bbox 1217 1933 1312 2012; x_wconf 88' lang='lat' dir='ltr'><strong>suspi-</strong></span> 
     </span>
     <span class='ocr_line' id='line_1_15' title="bbox 183 2047 1312 2132; baseline 0.002 -22"><span class='ocrx_word' id='word_1_135' title='bbox 183 2052 297 2112; x_wconf 87' lang='lat' dir='ltr'><strong>cionem</strong></span> <span class='ocrx_word' id='word_1_136' title='bbox 312 2050 388 2127; x_wconf 94' lang='lat' dir='ltr'><strong>quod</strong></span> <span class='ocrx_word' id='word_1_137' title='bbox 404 2049 600 2123; x_wconf 87' lang='lat' dir='ltr'><strong>Ptolemaeus,</strong></span> <span class='ocrx_word' id='word_1_138' title='bbox 615 2047 712 2109; x_wconf 82' lang='lat' dir='ltr'><strong>Geber</strong></span> <span class='ocrx_word' id='word_1_139' title='bbox 724 2054 754 2111; x_wconf 92' lang='lat' dir='ltr'><strong>et</strong></span> <span class='ocrx_word' id='word_1_140' title='bbox 768 2052 927 2129; x_wconf 79' lang='lat' dir='ltr'><strong>Albategni</strong></span> <span class='ocrx_word' id='word_1_141' title='bbox 942 2053 988 2130; x_wconf 80' lang='lat'><strong>(2)</strong></span> <span class='ocrx_word' id='word_1_142' title='bbox 1008 2053 1174 2114; x_wconf 87' lang='lat' dir='ltr'><strong>erraverint</strong></span> <span class='ocrx_word' id='word_1_143' title='bbox 1188 2053 1236 2132; x_wconf 92' lang='lat' dir='ltr'><strong>(ut</strong></span> <span class='ocrx_word' id='word_1_144' title='bbox 1250 2054 1312 2132; x_wconf 89' lang='lat' dir='ltr'><strong>ipso</strong></span> 
     </span>
     <span class='ocr_line' id='line_1_16' title="bbox 183 2172 1311 2253; baseline -0.001 -17"><span class='ocrx_word' id='word_1_145' title='bbox 183 2173 284 2236; x_wconf 89' lang='lat' dir='ltr'><strong>multis</strong></span> <span class='ocrx_word' id='word_1_146' title='bbox 299 2191 438 2233; x_wconf 87' lang='lat' dir='ltr'><strong>versuum</strong></span> <span class='ocrx_word' id='word_1_147' title='bbox 461 2173 590 2232; x_wconf 89' lang='lat' dir='ltr'><strong>millibus</strong></span> <span class='ocrx_word' id='word_1_148' title='bbox 610 2172 760 2253; x_wconf 78' lang='lat' dir='ltr'><strong>ostendit)</strong></span> <span class='ocrx_word' id='word_1_149' title='bbox 781 2173 862 2233; x_wconf 88' lang='lat' dir='ltr'><strong>circa</strong></span> <span class='ocrx_word' id='word_1_150' title='bbox 883 2174 1078 2250; x_wconf 84' lang='lat' dir='ltr'><strong>quantitatem</strong></span> <span class='ocrx_word' id='word_1_151' title='bbox 1100 2176 1311 2235; x_wconf 87' lang='lat' dir='ltr'><strong>diametrorum</strong></span> 
     </span>
     <span class='ocr_line' id='line_1_17' title="bbox 184 2296 1312 2378; baseline 0.001 -21"><span class='ocrx_word' id='word_1_152' title='bbox 184 2298 255 2357; x_wconf 91' lang='lat' dir='ltr'><strong>solis</strong></span> <span class='ocrx_word' id='word_1_153' title='bbox 269 2301 299 2357; x_wconf 92' lang='lat' dir='ltr'><strong>et</strong></span> <span class='ocrx_word' id='word_1_154' title='bbox 315 2296 411 2358; x_wconf 89' lang='lat' dir='ltr'><strong>lunae.</strong></span> <span class='ocrx_word' id='word_1_155' title='bbox 428 2296 496 2357; x_wconf 86' lang='lat' dir='ltr'><strong>iam</strong></span> <span class='ocrx_word' id='word_1_156' title='bbox 510 2297 534 2356; x_wconf 91' lang='lat' dir='ltr'><strong>si</strong></span> <span class='ocrx_word' id='word_1_157' title='bbox 557 2298 601 2356; x_wconf 94' lang='lat' dir='ltr'><strong>sol</strong></span> <span class='ocrx_word' id='word_1_158' title='bbox 622 2298 659 2356; x_wconf 90' lang='lat' dir='ltr'><strong>de</strong></span> <span class='ocrx_word' id='word_1_159' title='bbox 678 2314 749 2357; x_wconf 87' lang='lat' dir='ltr'><strong>suae</strong></span> <span class='ocrx_word' id='word_1_160' title='bbox 770 2298 983 2375; x_wconf 82' lang='lat' dir='ltr'><strong>magnitudinis</strong></span> <span class='ocrx_word' id='word_1_161' title='bbox 1004 2300 1170 2362; x_wconf 90' lang='lat' dir='ltr'><strong>substantia</strong></span> <span class='ocrx_word' id='word_1_162' title='bbox 1191 2304 1312 2378; x_wconf 90' lang='lat' dir='ltr'><strong>propter</strong></span> 
     </span>
     <span class='ocr_line' id='line_1_18' title="bbox 185 2414 1312 2501; baseline 0.004 -26"><span class='ocrx_word' id='word_1_163' title='bbox 185 2414 433 2494; x_wconf 81' lang='lat' dir='ltr'><strong>propinquitatem</strong></span> <span class='ocrx_word' id='word_1_164' title='bbox 458 2416 541 2475; x_wconf 90' lang='lat' dir='ltr'><strong>nobis</strong></span> <span class='ocrx_word' id='word_1_165' title='bbox 567 2416 663 2493; x_wconf 87' lang='lat' dir='ltr'><strong>major</strong></span> <span class='ocrx_word' id='word_1_166' title='bbox 692 2416 797 2478; x_wconf 87' lang='lat' dir='ltr'><strong>debeat</strong></span> <span class='ocrx_word' id='word_1_167' title='bbox 823 2437 990 2501; x_wconf 87' lang='lat' dir='ltr'><strong>apparere,</strong></span> <span class='ocrx_word' id='word_1_168' title='bbox 1019 2426 1141 2500; x_wconf 91' lang='lat' dir='ltr'><strong>propter</strong></span> <span class='ocrx_word' id='word_1_169' title='bbox 1170 2421 1312 2500; x_wconf 88' lang='lat' dir='ltr'><strong>majorem</strong></span> 
     </span>
     <span class='ocr_line' id='line_1_19' title="bbox 186 2535 1314 2613; baseline 0.005 -18"><span class='ocrx_word' id='word_1_170' title='bbox 186 2535 274 2595; x_wconf 91' lang='lat' dir='ltr'><strong>medii</strong></span> <span class='ocrx_word' id='word_1_171' title='bbox 297 2535 396 2613; x_wconf 92' lang='lat' dir='ltr'><strong>vapidi</strong></span> <span class='ocrx_word' id='word_1_172' title='bbox 418 2535 655 2595; x_wconf 83' lang='lat' dir='ltr'><strong>extenuationem</strong></span> <span class='ocrx_word' id='word_1_173' title='bbox 676 2542 706 2597; x_wconf 92' lang='lat' dir='ltr'><strong>et</strong></span> <span class='ocrx_word' id='word_1_174' title='bbox 720 2539 875 2600; x_wconf 89' lang='lat' dir='ltr'><strong>raritatem</strong></span> <span class='ocrx_word' id='word_1_175' title='bbox 896 2542 992 2602; x_wconf 93' lang='lat' dir='ltr'><strong>minor</strong></span> <span class='ocrx_word' id='word_1_176' title='bbox 1013 2545 1177 2604; x_wconf 87' lang='lat' dir='ltr'><strong>necessario</strong></span> <span class='ocrx_word' id='word_1_177' title='bbox 1198 2542 1314 2602; x_wconf 89' lang='lat' dir='ltr'><strong>videbi-</strong></span> 
     </span>
     <span class='ocr_line' id='line_1_20' title="bbox 186 2658 1314 2744; baseline 0.004 -25"><span class='ocrx_word' id='word_1_178' title='bbox 186 2665 252 2719; x_wconf 93' lang='lat' dir='ltr'><strong>tur:</strong></span> <span class='ocrx_word' id='word_1_179' title='bbox 267 2663 355 2735; x_wconf 90' lang='lat' dir='ltr'><strong>atqua</strong></span> <span class='ocrx_word' id='word_1_180' title='bbox 370 2658 412 2717; x_wconf 90' lang='lat' dir='ltr'><strong>ita</strong></span> <span class='ocrx_word' id='word_1_181' title='bbox 427 2660 503 2718; x_wconf 92' lang='lat' dir='ltr'><strong>ratio</strong></span> <span class='ocrx_word' id='word_1_182' title='bbox 517 2676 575 2718; x_wconf 91' lang='lat' dir='ltr'><strong>una</strong></span> <span class='ocrx_word' id='word_1_183' title='bbox 588 2660 626 2718; x_wconf 90' lang='lat' dir='ltr'><strong>ab</strong></span> <span class='ocrx_word' id='word_1_184' title='bbox 641 2662 701 2720; x_wconf 87' lang='lat' dir='ltr'><strong>alia</strong></span> <span class='ocrx_word' id='word_1_185' title='bbox 715 2662 891 2739; x_wconf 89' lang='lat' dir='ltr'><strong>impedietur</strong></span> <span class='ocrx_word' id='word_1_186' title='bbox 912 2670 971 2736; x_wconf 88' lang='lat' dir='ltr'><strong>(ue</strong></span> <span class='ocrx_word' id='word_1_187' title='bbox 991 2666 1076 2725; x_wconf 86' lang='lat' dir='ltr'><strong>firme</strong></span> <span class='ocrx_word' id='word_1_188' title='bbox 1085 2665 1221 2744; x_wconf 86' lang='lat' dir='ltr'><strong>judicare</strong></span> <span class='ocrx_word' id='word_1_189' title='bbox 1242 2682 1314 2742; x_wconf 89' lang='lat' dir='ltr'><strong>pos-</strong></span> 
     </span>
     <span class='ocr_line' id='line_1_21' title="bbox 187 2777 1313 2863; baseline 0.003 -26"><span class='ocrx_word' id='word_1_190' title='bbox 187 2777 292 2855; x_wconf 87' lang='lat' dir='ltr'><strong>simus)</strong></span> <span class='ocrx_word' id='word_1_191' title='bbox 304 2778 426 2838; x_wconf 89' lang='lat' dir='ltr'><strong>rationc.</strong></span> <span class='ocrx_word' id='word_1_192' title='bbox 441 2777 524 2843; x_wconf 89' lang='lat' dir='ltr'><strong>Quod</strong></span> <span class='ocrx_word' id='word_1_193' title='bbox 539 2780 562 2838; x_wconf 91' lang='lat' dir='ltr'><strong>si</strong></span> <span class='ocrx_word' id='word_1_194' title='bbox 578 2785 621 2839; x_wconf 87' lang='lat' dir='ltr'><strong>lta</strong></span> <span class='ocrx_word' id='word_1_195' title='bbox 635 2786 680 2841; x_wconf 90' lang='lat' dir='ltr'><strong>est</strong></span> <span class='ocrx_word' id='word_1_196' title='bbox 695 2789 728 2842; x_wconf 94' lang='lat' dir='ltr'><strong>ut</strong></span> <span class='ocrx_word' id='word_1_197' title='bbox 748 2783 791 2842; x_wconf 91' lang='lat' dir='ltr'><strong>sol</strong></span> <span class='ocrx_word' id='word_1_198' title='bbox 807 2785 919 2844; x_wconf 88' lang='lat' dir='ltr'><strong>medius</strong></span> <span class='ocrx_word' id='word_1_199' title='bbox 934 2792 1051 2846; x_wconf 90' lang='lat' dir='ltr'><strong>maneat</strong></span> <span class='ocrx_word' id='word_1_200' title='bbox 1066 2790 1096 2845; x_wconf 91' lang='lat' dir='ltr'><strong>et</strong></span> <span class='ocrx_word' id='word_1_201' title='bbox 1110 2784 1204 2845; x_wconf 90' lang='lat' dir='ltr'><strong>solum</strong></span> <span class='ocrx_word' id='word_1_202' title='bbox 1220 2782 1313 2863; x_wconf 91' lang='lat' dir='ltr'><strong>(quod</strong></span> 
     </span>
     <span class='ocr_line' id='line_1_22' title="bbox 189 2896 1314 2981; baseline 0.005 -26"><span class='ocrx_word' id='word_1_203' title='bbox 189 2896 383 2956; x_wconf 86' lang='lat' dir='ltr'><strong>necessarium</strong></span> <span class='ocrx_word' id='word_1_204' title='bbox 398 2914 461 2957; x_wconf 88' lang='lat' dir='ltr'><strong>esse</strong></span> <span class='ocrx_word' id='word_1_205' title='bbox 476 2900 713 2977; x_wconf 86' lang='lat' dir='ltr'><strong>monstrabimus)</strong></span> <span class='ocrx_word' id='word_1_206' title='bbox 738 2907 850 2962; x_wconf 89' lang='lat' dir='ltr'><strong>motum</strong></span> <span class='ocrx_word' id='word_1_207' title='bbox 872 2904 1030 2963; x_wconf 88' lang='lat' dir='ltr'><strong>rotationis</strong></span> <span class='ocrx_word' id='word_1_208' title='bbox 1051 2904 1124 2964; x_wconf 90' lang='lat' dir='ltr'><strong>astri</strong></span> <span class='ocrx_word' id='word_1_209' title='bbox 1145 2903 1225 2964; x_wconf 91' lang='lat' dir='ltr'><strong>circa</strong></span> <span class='ocrx_word' id='word_1_210' title='bbox 1245 2921 1314 2981; x_wconf 90' lang='lat' dir='ltr'><strong>pro-</strong></span> 
     </span>
     <span class='ocr_line' id='line_1_23' title="bbox 189 3015 1316 3100; baseline 0.004 -25"><span class='ocrx_word' id='word_1_211' title='bbox 189 3015 285 3094; x_wconf 88' lang='lat' dir='ltr'><strong>prium</strong></span> <span class='ocrx_word' id='word_1_212' title='bbox 300 3021 434 3076; x_wconf 88' lang='lat' dir='ltr'><strong>centrum</strong></span> <span class='ocrx_word' id='word_1_213' title='bbox 456 3018 577 3094; x_wconf 87' lang='lat' dir='ltr'><strong>recipit;</strong></span> <span class='ocrx_word' id='word_1_214' title='bbox 599 3019 745 3096; x_wconf 89' lang='lat' dir='ltr'><strong>oportebit</strong></span> <span class='ocrx_word' id='word_1_215' title='bbox 766 3026 878 3081; x_wconf 88' lang='lat' dir='ltr'><strong>motum</strong></span> <span class='ocrx_word' id='word_1_216' title='bbox 900 3040 1033 3083; x_wconf 88' lang='lat' dir='ltr'><strong>accessus</strong></span> <span class='ocrx_word' id='word_1_217' title='bbox 1056 3023 1137 3083; x_wconf 91' lang='lat' dir='ltr'><strong>illius</strong></span> <span class='ocrx_word' id='word_1_218' title='bbox 1157 3026 1247 3100; x_wconf 89' lang='lat' dir='ltr'><strong>atque</strong></span> <span class='ocrx_word' id='word_1_219' title='bbox 1267 3040 1316 3081; x_wconf 90' lang='lat' dir='ltr'><strong>ro-</strong></span> 
     </span>
     <span class='ocr_line' id='line_1_24' title="bbox 189 3145 1315 3224; baseline 0.004 -22"><span class='ocrx_word' id='word_1_220' title='bbox 189 3160 288 3203; x_wconf 89' lang='lat' dir='ltr'><strong>cessus</strong></span> <span class='ocrx_word' id='word_1_221' title='bbox 309 3146 346 3203; x_wconf 90' lang='lat' dir='ltr'><strong>ad</strong></span> <span class='ocrx_word' id='word_1_222' title='bbox 361 3146 489 3221; x_wconf 89' lang='lat' dir='ltr'><strong>tropicos</strong></span> <span class='ocrx_word' id='word_1_223' title='bbox 503 3150 589 3222; x_wconf 90' lang='lat' dir='ltr'><strong>atqua</strong></span> <span class='ocrx_word' id='word_1_224' title='bbox 605 3162 624 3204; x_wconf 90' lang='lat' dir='ltr'><strong>a</strong></span> <span class='ocrx_word' id='word_1_225' title='bbox 638 3145 757 3223; x_wconf 87' lang='lat' dir='ltr'><strong>tropicis</strong></span> <span class='ocrx_word' id='word_1_226' title='bbox 771 3147 801 3206; x_wconf 92' lang='lat' dir='ltr'><strong>in</strong></span> <span class='ocrx_word' id='word_1_227' title='bbox 816 3147 931 3206; x_wconf 89' lang='lat' dir='ltr'><strong>telluris</strong></span> <span class='ocrx_word' id='word_1_228' title='bbox 945 3152 1028 3207; x_wconf 89' lang='lat' dir='ltr'><strong>astro</strong></span> <span class='ocrx_word' id='word_1_229' title='bbox 1049 3162 1259 3224; x_wconf 86' lang='lat' dir='ltr'><strong>cognoscamus</strong></span> <span class='ocrx_word' id='word_1_230' title='bbox 1281 3151 1315 3207; x_wconf 92' lang='lat' dir='ltr'><strong>ut</strong></span> 
     </span>
     <span class='ocr_line' id='line_1_25' title="bbox 189 3263 1317 3346; baseline -0.001 -23"><span class='ocrx_word' id='word_1_231' title='bbox 189 3270 321 3324; x_wconf 89' lang='lat' dir='ltr'><strong>centrum</strong></span> <span class='ocrx_word' id='word_1_232' title='bbox 337 3265 401 3339; x_wconf 87' lang='lat' dir='ltr'><strong>ejus</strong></span> <span class='ocrx_word' id='word_1_233' title='bbox 413 3283 468 3325; x_wconf 91' lang='lat' dir='ltr'><strong>non</strong></span> <span class='ocrx_word' id='word_1_234' title='bbox 483 3267 726 3343; x_wconf 80' lang='lat' dir='ltr'><strong>aequinoctialem</strong></span> <span class='ocrx_word' id='word_1_235' title='bbox 741 3268 791 3327; x_wconf 88' lang='lat' dir='ltr'><strong>sed</strong></span> <span class='ocrx_word' id='word_1_236' title='bbox 803 3268 987 3344; x_wconf 80' lang='lat' dir='ltr'><strong>designatam</strong></span> <span class='ocrx_word' id='word_1_237' title='bbox 998 3268 1173 3346; x_wconf 77' lang='lat' dir='ltr'><strong>eclypticam</strong></span> <span class='ocrx_word' id='word_1_238' title='bbox 1183 3266 1228 3344; x_wconf 81' lang='lat'><strong>(3)</strong></span> <span class='ocrx_word' id='word_1_239' title='bbox 1240 3263 1317 3325; x_wconf 88' lang='lat' dir='ltr'><strong>deli·</strong></span> 
     </span>
     <span class='ocr_line' id='line_1_26' title="bbox 191 3381 1315 3463; baseline 0.002 -24"><span class='ocrx_word' id='word_1_240' title='bbox 191 3386 267 3453; x_wconf 90' lang='lat' dir='ltr'><strong>neet;</strong></span> <span class='ocrx_word' id='word_1_241' title='bbox 275 3381 383 3459; x_wconf 84' lang='lat' dir='ltr'><strong>etquis</strong></span> <span class='ocrx_word' id='word_1_242' title='bbox 394 3399 460 3441; x_wconf 89' lang='lat' dir='ltr'><strong>cum</strong></span> <span class='ocrx_word' id='word_1_243' title='bbox 476 3383 531 3443; x_wconf 83' lang='lat' dir='ltr'><strong>lioc</strong></span> <span class='ocrx_word' id='word_1_244' title='bbox 543 3389 725 3445; x_wconf 84' lang='lat' dir='ltr'><strong>constantem</strong></span> <span class='ocrx_word' id='word_1_245' title='bbox 734 3384 801 3463; x_wconf 89' lang='lat' dir='ltr'><strong>(per</strong></span> <span class='ocrx_word' id='word_1_246' title='bbox 814 3386 903 3445; x_wconf 92' lang='lat' dir='ltr'><strong>annui</strong></span> <span class='ocrx_word' id='word_1_247' title='bbox 917 3386 980 3445; x_wconf 92' lang='lat' dir='ltr'><strong>dico</strong></span> <span class='ocrx_word' id='word_1_248' title='bbox 992 3404 1095 3447; x_wconf 89' lang='lat' dir='ltr'><strong>cursus</strong></span> <span class='ocrx_word' id='word_1_249' title='bbox 1106 3385 1226 3462; x_wconf 87' lang='lat' dir='ltr'><strong>scriem)</strong></span> <span class='ocrx_word' id='word_1_250' title='bbox 1236 3382 1315 3443; x_wconf 87' lang='lat' dir='ltr'><strong>vide·</strong></span> 
     </span>
     <span class='ocr_line' id='line_1_27' title="bbox 191 3504 1317 3586; baseline -0.001 -22"><span class='ocrx_word' id='word_1_251' title='bbox 191 3523 256 3564; x_wconf 90' lang='lat' dir='ltr'><strong>mus</strong></span> <span class='ocrx_word' id='word_1_252' title='bbox 278 3504 359 3563; x_wconf 88' lang='lat' dir='ltr'><strong>illam</strong></span> <span class='ocrx_word' id='word_1_253' title='bbox 376 3521 479 3565; x_wconf 89' lang='lat' dir='ltr'><strong>versus</strong></span> <span class='ocrx_word' id='word_1_254' title='bbox 493 3506 627 3583; x_wconf 90' lang='lat' dir='ltr'><strong>proprios</strong></span> <span class='ocrx_word' id='word_1_255' title='bbox 642 3507 724 3584; x_wconf 92' lang='lat' dir='ltr'><strong>polos</strong></span> <span class='ocrx_word' id='word_1_256' title='bbox 739 3508 869 3568; x_wconf 87' lang='lat' dir='ltr'><strong>retinere</strong></span> <span class='ocrx_word' id='word_1_257' title='bbox 882 3513 1051 3586; x_wconf 85' lang='lat' dir='ltr'><strong>aspectum,</strong></span> <span class='ocrx_word' id='word_1_258' title='bbox 1067 3507 1168 3568; x_wconf 90' lang='lat' dir='ltr'><strong>licebit</strong></span> <span class='ocrx_word' id='word_1_259' title='bbox 1188 3507 1217 3567; x_wconf 91' lang='lat' dir='ltr'><strong>in</strong></span> <span class='ocrx_word' id='word_1_260' title='bbox 1238 3504 1317 3564; x_wconf 90' lang='lat' dir='ltr'><strong>linea</strong></span> 
     </span>
     <span class='ocr_line' id='line_1_28' title="bbox 192 3620 1317 3703; baseline 0 -22"><span class='ocrx_word' id='word_1_261' title='bbox 192 3621 317 3698; x_wconf 89' lang='lat' dir='ltr'><strong>quadam</strong></span> <span class='ocrx_word' id='word_1_262' title='bbox 334 3625 436 3695; x_wconf 86' lang='lat' dir='ltr'><strong>recta,</strong></span> <span class='ocrx_word' id='word_1_263' title='bbox 458 3620 552 3699; x_wconf 86' lang='lat' dir='ltr'><strong>qualis</strong></span> <span class='ocrx_word' id='word_1_264' title='bbox 567 3627 612 3682; x_wconf 86' lang='lat' dir='ltr'><strong>est</strong></span> <span class='ocrx_word' id='word_1_265' title='bbox 625 3622 692 3684; x_wconf 86' lang='lat' dir='ltr'><strong>axis</strong></span> <span class='ocrx_word' id='word_1_266' title='bbox 705 3622 771 3698; x_wconf 76' lang='lat' dir='ltr'><strong>aa,</strong></span> <span class='ocrx_word' id='word_1_267' title='bbox 793 3642 846 3703; x_wconf 90' lang='lat' dir='ltr'><strong>per</strong></span> <span class='ocrx_word' id='word_1_268' title='bbox 867 3641 957 3702; x_wconf 92' lang='lat' dir='ltr'><strong>quam</strong></span> <span class='ocrx_word' id='word_1_269' title='bbox 977 3625 1067 3687; x_wconf 93' lang='lat' dir='ltr'><strong>tellus</strong></span> <span class='ocrx_word' id='word_1_270' title='bbox 1081 3622 1163 3683; x_wconf 85' lang='grc' dir='ltr'>ΒΗΙ)</span> <span class='ocrx_word' id='word_1_271' title='bbox 1177 3627 1279 3684; x_wconf 88' lang='lat' dir='ltr'><strong>centro</strong></span> <span class='ocrx_word' id='word_1_272' title='bbox 1294 3620 1317 3681; x_wconf 88' lang='lat' dir='ltr'>C</span> 
     </span>
    </p>
   </div>
   <div class='ocr_carea' id='block_1_6' title="bbox 192 3775 1321 4215">
    <p class='ocr_par' dir='ltr' id='par_1_6' title="bbox 219 3775 524 3831">
     <span class='ocr_line' id='line_1_29' title="bbox 219 3775 524 3831; baseline 0.007 -12"><span class='ocrx_word' id='word_1_273' title='bbox 219 3778 249 3827; x_wconf 78' lang='lat' dir='ltr'><strong>(l)</strong></span> <span class='ocrx_word' id='word_1_274' title='bbox 265 3777 370 3821; x_wconf 75' lang='lat' dir='ltr'><strong>l‘ornmlo</strong></span> <span class='ocrx_word' id='word_1_275' title='bbox 379 3775 408 3819; x_wconf 80' lang='lat' dir='ltr'><strong>da</strong></span> <span class='ocrx_word' id='word_1_276' title='bbox 417 3778 524 3831; x_wconf 77' lang='lat' dir='ltr'><strong>sapidus.</strong></span> 
     </span>
    </p>

    <p class='ocr_par' dir='ltr' id='par_1_7' title="bbox 192 3866 1321 4215">
     <span class='ocr_line' id='line_1_30' title="bbox 220 3866 1319 3922; baseline 0 -11"><span class='ocrx_word' id='word_1_277' title='bbox 220 3866 252 3921; x_wconf 79' lang='lat'><strong>(2)</strong></span> <span class='ocrx_word' id='word_1_278' title='bbox 263 3867 367 3911; x_wconf 79' lang='lat' dir='ltr'><strong>Tolomeo</strong></span> <span class='ocrx_word' id='word_1_279' title='bbox 377 3868 390 3910; x_wconf 79' lang='lat' dir='ltr'><strong>t</strong></span> <span class='ocrx_word' id='word_1_280' title='bbox 400 3867 414 3910; x_wconf 90' lang='lat' dir='ltr'><strong>il</strong></span> <span class='ocrx_word' id='word_1_281' title='bbox 424 3874 476 3912; x_wconf 83' lang='lat' dir='ltr'><strong>noto</strong></span> <span class='ocrx_word' id='word_1_282' title='bbox 485 3876 614 3913; x_wconf 73' lang='lat' dir='ltr'><strong>csrmnomo</strong></span> <span class='ocrx_word' id='word_1_283' title='bbox 627 3868 790 3922; x_wconf 65' lang='lat' dir='ltr'><strong>mundano,</strong></span> <span class='ocrx_word' id='word_1_284' title='bbox 799 3869 841 3914; x_wconf 79' lang='lat' dir='ltr'><strong>cbo</strong></span> <span class='ocrx_word' id='word_1_285' title='bbox 849 3868 898 3915; x_wconf 85' lang='lat' dir='ltr'><strong>dori</strong></span> <span class='ocrx_word' id='word_1_286' title='bbox 909 3870 970 3915; x_wconf 76' lang='lat' dir='ltr'><strong>circa</strong></span> <span class='ocrx_word' id='word_1_287' title='bbox 980 3870 1003 3914; x_wconf 76' lang='lat' dir='ltr'><strong>la</strong></span> <span class='ocrx_word' id='word_1_288' title='bbox 1011 3868 1071 3913; x_wconf 66' lang='lat' dir='ltr'><strong>mett</strong></span> <span class='ocrx_word' id='word_1_289' title='bbox 1080 3869 1116 3914; x_wconf 80' lang='lat' dir='ltr'><strong>dcl</strong></span> <span class='ocrx_word' id='word_1_290' title='bbox 1125 3868 1222 3914; x_wconf 72' lang='lat' dir='ltr'><strong>mondo</strong></span> <span class='ocrx_word' id='word_1_291' title='bbox 1232 3867 1319 3913; x_wconf 82' lang='lat' dir='ltr'><strong>uoolo:</strong></span> 
     </span>
     <span class='ocr_line' id='line_1_31' title="bbox 193 3963 1321 4022; baseline 0.002 -15"><span class='ocrx_word' id='word_1_292' title='bbox 193 3976 258 4007; x_wconf 79' lang='lat' dir='ltr'><strong>meno</strong></span> <span class='ocrx_word' id='word_1_293' title='bbox 267 3963 314 4007; x_wconf 87' lang='lat' dir='ltr'><strong>uoti</strong></span> <span class='ocrx_word' id='word_1_294' title='bbox 324 3975 379 4007; x_wconf 81' lang='lat' dir='ltr'><strong>sono</strong></span> <span class='ocrx_word' id='word_1_295' title='bbox 389 3964 471 4017; x_wconf 76' lang='lat' dir='ltr'><strong>Gabar,</strong></span> <span class='ocrx_word' id='word_1_296' title='bbox 485 3972 612 4009; x_wconf 71' lang='lat' dir='ltr'><strong>uuonomo</strong></span> <span class='ocrx_word' id='word_1_297' title='bbox 621 3966 756 4022; x_wconf 74' lang='lat' dir='ltr'><strong>spagnuolo,</strong></span> <span class='ocrx_word' id='word_1_298' title='bbox 771 3966 856 4011; x_wconf 79' lang='lat' dir='ltr'><strong>vissuto</strong></span> <span class='ocrx_word' id='word_1_299' title='bbox 868 3966 966 4010; x_wconf 80' lang='lat' dir='ltr'><strong>ilsecolo</strong></span> <span class='ocrx_word' id='word_1_300' title='bbox 976 3965 1104 4021; x_wconf 83' lang='lat' dir='ltr'><strong>undeciruo;</strong></span> <span class='ocrx_word' id='word_1_301' title='bbox 1119 3966 1147 4009; x_wconf 80' lang='lat' dir='ltr'><strong>ed</strong></span> <span class='ocrx_word' id='word_1_302' title='bbox 1161 3965 1291 4021; x_wconf 67' lang='lat' dir='ltr'><strong>Albaugni,</strong></span> <span class='ocrx_word' id='word_1_303' title='bbox 1305 3964 1321 4008; x_wconf 92' lang='lat' dir='ltr'><strong>il</strong></span> 
     </span>
     <span class='ocr_line' id='line_1_32' title="bbox 192 4058 1321 4118; baseline -0.002 -15"><span class='ocrx_word' id='word_1_304' title='bbox 192 4059 259 4117; x_wconf 72' lang='lat' dir='ltr'><strong>quale</strong></span> <span class='ocrx_word' id='word_1_305' title='bbox 268 4058 431 4115; x_wconf 79' lang='lat' dir='ltr'><strong>propriamcnte</strong></span> <span class='ocrx_word' id='word_1_306' title='bbox 445 4060 464 4103; x_wconf 81' lang='lat' dir='ltr'><strong>ai</strong></span> <span class='ocrx_word' id='word_1_307' title='bbox 476 4060 596 4104; x_wconf 78' lang='lat' dir='ltr'><strong>chiamava</strong></span> <span class='ocrx_word' id='word_1_308' title='bbox 604 4059 876 4114; x_wconf 68' lang='lat' dir='ltr'><strong>Monimou-senneber,</strong></span> <span class='ocrx_word' id='word_1_309' title='bbox 890 4068 944 4105; x_wconf 83' lang='lat' dir='ltr'><strong>nuto</strong></span> <span class='ocrx_word' id='word_1_310' title='bbox 957 4060 979 4105; x_wconf 87' lang='lat' dir='ltr'><strong>iu</strong></span> <span class='ocrx_word' id='word_1_311' title='bbox 993 4062 1065 4105; x_wconf 70' lang='lat' dir='ltr'><strong>Buten</strong></span> <span class='ocrx_word' id='word_1_312' title='bbox 1080 4061 1138 4105; x_wconf 72' lang='lat' dir='ltr'><strong>nella</strong></span> <span class='ocrx_word' id='word_1_313' title='bbox 1151 4058 1321 4118; x_wconf 58' lang='lat' dir='ltr'><strong>biscopommim</strong></span> 
     </span>
     <span class='ocr_line' id='line_1_33' title="bbox 193 4154 1317 4215; baseline -0.001 -16"><span class='ocrx_word' id='word_1_314' title='bbox 193 4155 250 4199; x_wconf 83' lang='lat' dir='ltr'><strong>onds</strong></span> <span class='ocrx_word' id='word_1_315' title='bbox 261 4154 284 4197; x_wconf 80' lang='lat' dir='ltr'><strong>ru</strong></span> <span class='ocrx_word' id='word_1_316' title='bbox 293 4154 329 4197; x_wconf 83' lang='lat' dir='ltr'><strong>dai</strong></span> <span class='ocrx_word' id='word_1_317' title='bbox 341 4154 389 4197; x_wconf 83' lang='lat' dir='ltr'><strong>suoi</strong></span> <span class='ocrx_word' id='word_1_318' title='bbox 399 4155 459 4199; x_wconf 82' lang='lat' dir='ltr'><strong>detto</strong></span> <span class='ocrx_word' id='word_1_319' title='bbox 469 4157 590 4209; x_wconf 79' lang='lat' dir='ltr'><strong>Albotoui,</strong></span> <span class='ocrx_word' id='word_1_320' title='bbox 601 4168 613 4199; x_wconf 84' lang='lat' dir='ltr'><strong>e</strong></span> <span class='ocrx_word' id='word_1_321' title='bbox 623 4155 659 4200; x_wconf 86' lang='lat' dir='ltr'><strong>dni</strong></span> <span class='ocrx_word' id='word_1_322' title='bbox 669 4156 743 4200; x_wconf 83' lang='lat' dir='ltr'><strong>Latini</strong></span> <span class='ocrx_word' id='word_1_323' title='bbox 755 4158 913 4211; x_wconf 65' lang='lat' dir='ltr'><strong>increpatae.</strong></span> <span class='ocrx_word' id='word_1_324' title='bbox 930 4157 1088 4215; x_wconf 73' lang='lat' dir='ltr'><strong>b&#39;Albatagni,</strong></span> <span class='ocrx_word' id='word_1_325' title='bbox 1098 4156 1120 4201; x_wconf 92' lang='lat' dir='ltr'><strong>di</strong></span> <span class='ocrx_word' id='word_1_326' title='bbox 1129 4157 1197 4213; x_wconf 75' lang='lat' dir='ltr'><strong>stirpe</strong></span> <span class='ocrx_word' id='word_1_327' title='bbox 1207 4154 1317 4214; x_wconf 76' lang='lat' dir='ltr'><strong>principe·</strong></span> 
     </span>
    </p>
   </div>
   <div class='ocr_carea' id='block_1_7' title="bbox 192 4250 964 4399">
    <p class='ocr_par' dir='ltr' id='par_1_8' title="bbox 192 4250 964 4399">
     <span class='ocr_line' id='line_1_34' title="bbox 192 4250 964 4306; baseline 0 -9"><span class='ocrx_word' id='word_1_328' title='bbox 192 4264 241 4305; x_wconf 82' lang='lat' dir='ltr'><strong>sca,</strong></span> <span class='ocrx_word' id='word_1_329' title='bbox 252 4250 276 4293; x_wconf 77' lang='lat' dir='ltr'><strong>su</strong></span> <span class='ocrx_word' id='word_1_330' title='bbox 286 4250 300 4293; x_wconf 89' lang='lat' dir='ltr'><strong>il</strong></span> <span class='ocrx_word' id='word_1_331' title='bbox 310 4250 416 4294; x_wconf 83' lang='lat' dir='ltr'><strong>&#39;lotomoo</strong></span> <span class='ocrx_word' id='word_1_332' title='bbox 425 4252 505 4306; x_wconf 79' lang='lat' dir='ltr'><strong>mbo,</strong></span> <span class='ocrx_word' id='word_1_333' title='bbox 515 4252 584 4298; x_wconf 75' lang='lat' dir='ltr'><strong>odori</strong></span> <span class='ocrx_word' id='word_1_334' title='bbox 597 4253 659 4299; x_wconf 77' lang='lat' dir='ltr'><strong>circa</strong></span> <span class='ocrx_word' id='word_1_335' title='bbox 668 4253 691 4299; x_wconf 80' lang='lat' dir='ltr'><strong>la</strong></span> <span class='ocrx_word' id='word_1_336' title='bbox 700 4255 761 4299; x_wconf 77' lang='lat' dir='ltr'><strong>mett</strong></span> <span class='ocrx_word' id='word_1_337' title='bbox 769 4253 805 4298; x_wconf 78' lang='lat' dir='ltr'><strong>del</strong></span> <span class='ocrx_word' id='word_1_338' title='bbox 815 4265 873 4299; x_wconf 88' lang='lat' dir='ltr'><strong>nouo</strong></span> <span class='ocrx_word' id='word_1_339' title='bbox 880 4253 964 4299; x_wconf 78' lang='lat' dir='ltr'><strong>secolo.</strong></span> 
     </span>
     <span class='ocr_line' id='line_1_35' title="bbox 222 4340 544 4399; baseline 0.012 -14"><span class='ocrx_word' id='word_1_340' title='bbox 222 4343 253 4397; x_wconf 79' lang='lat'><strong>(³)</strong></span> <span class='ocrx_word' id='word_1_341' title='bbox 264 4340 282 4383; x_wconf 92' lang='lat' dir='ltr'><strong>ll</strong></span> <span class='ocrx_word' id='word_1_342' title='bbox 291 4347 349 4385; x_wconf 66' lang='lat' dir='ltr'><strong>suto</strong></span> <span class='ocrx_word' id='word_1_343' title='bbox 358 4340 397 4386; x_wconf 79' lang='lat' dir='ltr'><strong>lia:</strong></span> <span class='ocrx_word' id='word_1_344' title='bbox 408 4343 544 4399; x_wconf 72' lang='lat' dir='ltr'><strong>eclypicnm.</strong></span> 
     </span>
    </p>
   </div>
   <div class='ocr_carea' id='block_1_8' title="bbox 0 0 1748 5108">
    <p class='ocr_par' dir='ltr' id='par_1_9' title="bbox 0 0 1748 5108">
     <span class='ocr_line' id='line_1_36' title="bbox 0 0 1748 5108; baseline 0 0"><span class='ocrx_word' id='word_1_345' title='bbox 0 0 1748 5108; x_wconf 95' lang='lat' dir='ltr'><strong> </strong></span> 
     </span>
    </p>
   </div>
  </div>
 </body>
</html>
