3442 5108
450 885 667 1001 hRTlCULl
699 893 758 996 llll
791 889 983 997 irioni
1015 893 1074 997 ΕΤ
1105 895 1265 1000 hollo

811 1165 919 1188 —

295 1712 452 1779 lllolano
472 1712 505 1773 ln
526 1709 715 1786 principibus
735 1708 873 1784 Europae
893 1708 1078 1771 locademlls
1088 1709 1248 1784 propositi:
1263 1723 1340 1786 quos
1358 1711 1428 1774 leh.

336 1827 551 1903 Henneeuinus
572 1824 683 1886 nobilis
696 1825 879 1886 parisiensis
901 1825 956 1886 snb
978 1824 1112 1901 eiusdem
1125 1824 1262 1887 felicibus
1276 1827 1426 1902 auspiciis

336 1945 444 2005 eontm
465 1939 607 2015 vulgaris
628 1940 658 1999 et
678 1939 889 2015 cnjuseumque
909 1936 1111 1999 adversariae
1125 1938 1337 2013 philosophiae
1351 1953 1424 2015 pro·

335 2055 466 2117 sessores
486 2054 588 2115 tmdno
609 2052 799 2114 Pentecostes
818 2050 851 2111 ln
872 2050 1080 2113 Universitate
1107 2051 1297 2116 Parisiorum
1321 2051 1425 2114 deien-

335 2171 450 2234 uenies
471 2169 641 2246 evulgavit.

615 2374 763 2436 Brevibus
778 2369 905 2449 adjectis
919 2368 1102 2433 rationibus.

350 2576 451 2657 Niln'l
488 2571 585 2676 quod
621 2571 667 2644 od
696 2571 945 2648 universalem
982 2573 1092 2648 fiolenr
1128 2579 1241 2677 atque
1280 2581 1429 2686 religio·

295 2727 383 2783 nem
421 2696 683 2776 infirmandam
711 2695 848 2789 faciat,
877 2696 1044 2773 dicturus
1073 2703 1111 2774 et
1138 2704 1322 2782 assertive
1351 2734 1426 2786 un·

296 2848 410 2930 quam
438 2819 670 2910 deliniturus
698 2841 819 2919 neque
847 2820 893 2895 ad
922 2824 1065 2895 certum
1084 2822 1344 2929 philosophiae
1364 2857 1429 2934 ge·

296 2975 367 3029 nus
395 2972 462 3051 pro
490 2970 546 3037 ea,
563 2966 657 3044 quae
677 2942 879 3017 secundum
906 2942 1112 3022 humanam
1141 2951 1327 3030 rationem
1355 2961 1425 3051 est,

296 3077 459 3156 veritate
487 3067 788 3169 anteponendum
818 3069 1131 3172 statuendamque
1168 3073 1424 3177 laboraturae,

294 3199 360 3280 sed
388 3196 448 3273 vel
476 3193 523 3269 ad
557 3188 836 3295 (illustrioribus
865 3189 1123 3292 philosophiae
1151 3198 1424 3296 professoribus

294 3320 462 3430 dignam)
489 3314 807 3395 exercitationem:
836 3314 962 3390 velut
990 3324 1131 3416 quanta
1154 3323 1203 3397 sit
1230 3328 1324 3404 adeo
1345 3333 1426 3408 vul-

295 3455 407 3558 gatae
434 3450 546 3546 atque
573 3441 611 3517 in
639 3464 703 3515 ore
721 3436 966 3549 plurimorum
987 3439 1250 3524 celeberrimae
1265 3452 1427 3557 Peripa.

294 3577 493 3657 teticorum
513 3563 728 3666 disciplinae
743 3561 912 3653 firmitas,
927 3562 987 3637 vel
1002 3563 1200 3645 infirmitas
1216 3573 1422 3659 elucescat:

293 3701 481 3783 Jordanus
499 3694 650 3770 Brunus
665 3687 831 3764 Nolanus
849 3687 1118 3786 subsequentes
1143 3696 1332 3779 universis
1348 3706 1424 3782 Eu-

295 3851 408 3931 ropae
436 3814 646 3899 Academiis
671 3810 920 3886 discutiendos
944 3815 1136 3910 proposuit
1163 3822 1355 3923 articulos,
1383 3838 1423 3909 et

295 3978 366 4058 ego
384 3949 469 4028 Joh.
490 3936 755 4040 Hennequinus
775 3933 996 4010 Parisiensis
1015 3938 1082 4011 sub
1104 3941 1134 4039 ej
1142 3943 1271 4020 usdem
1287 3950 1422 4054 clypeo

295 4084 334 4162 in
353 4076 519 4157 omnium
541 4067 751 4144 litterarum
778 4061 931 4159 parente
958 4058 1130 4136 Lutetiae
1158 4067 1421 4175 universitate,

295 4205 440 4316 pubhce
466 4184 714 4277 defendendos
741 4183 909 4287 exposui.
937 4180 1013 4258 Eos
1041 4182 1095 4259 ita
1121 4184 1192 4286 ipsi
1220 4195 1419 4280 ordinasse
