<?xml version="1.0" encoding="UTF-8"?>
<!DOCTYPE html PUBLIC "-//W3C//DTD XHTML 1.0 Transitional//EN"
    "http://www.w3.org/TR/xhtml1/DTD/xhtml1-transitional.dtd">
<html xmlns="http://www.w3.org/1999/xhtml" xml:lang="en" lang="en">
 <head>
  <title>
</title>
<meta http-equiv="Content-Type" content="text/html;charset=utf-8" />
  <meta name='ocr-system' content='tesseract 3.04.00' />
  <meta name='ocr-capabilities' content='ocr_page ocr_carea ocr_par ocr_line ocrx_word'/>
</head>
<body>
  <div class='ocr_page' id='page_1' title='image "./jordanibruninol04brungoog_0337.png"; bbox 0 0 3442 5108; ppageno 0'>
   <div class='ocr_carea' id='block_1_1' title="bbox 883 311 1061 372">
    <p class='ocr_par' dir='ltr' id='par_1_1' title="bbox 883 311 1061 372">
     <span class='ocr_line' id='line_1_1' title="bbox 883 311 1061 372; baseline 0.006 -1"><span class='ocrx_word' id='word_1_1' title='bbox 883 311 1000 372; x_wconf 80' lang='lat'>-290</span> <span class='ocrx_word' id='word_1_2' title='bbox 1023 345 1061 357; x_wconf 92' lang='lat'>-</span> 
     </span>
    </p>
   </div>
   <div class='ocr_carea' id='block_1_2' title="bbox 474 497 1375 584">
    <p class='ocr_par' dir='ltr' id='par_1_2' title="bbox 474 497 1375 584">
     <span class='ocr_line' id='line_1_2' title="bbox 474 497 1375 584; baseline -0.002 -16"><span class='ocrx_word' id='word_1_3' title='bbox 474 504 633 569; x_wconf 84' lang='lat' dir='ltr'>Proxima</span> <span class='ocrx_word' id='word_1_4' title='bbox 655 522 713 568; x_wconf 90' lang='lat' dir='ltr'>nec</span> <span class='ocrx_word' id='word_1_5' title='bbox 734 501 827 566; x_wconf 87' lang='lat' dir='ltr'>lunae</span> <span class='ocrx_word' id='word_1_6' title='bbox 847 504 896 567; x_wconf 90' lang='lat' dir='ltr'>est</span> <span class='ocrx_word' id='word_1_7' title='bbox 914 498 1024 565; x_wconf 89' lang='lat' dir='ltr'>eadem</span> <span class='ocrx_word' id='word_1_8' title='bbox 1048 497 1237 576; x_wconf 87' lang='lat' dir='ltr'>substantia,</span> <span class='ocrx_word' id='word_1_9' title='bbox 1258 502 1375 584; x_wconf 82' lang='lat' dir='ltr'>quasit</span> 
     </span>
    </p>
   </div>
   <div class='ocr_carea' id='block_1_3' title="bbox 476 625 1377 715">
    <p class='ocr_par' dir='ltr' id='par_1_3' title="bbox 476 625 1377 715">
     <span class='ocr_line' id='line_1_3' title="bbox 476 625 1377 715; baseline -0.006 -19"><span class='ocrx_word' id='word_1_10' title='bbox 476 630 532 696; x_wconf 89' lang='lat' dir='ltr'>Sic</span> <span class='ocrx_word' id='word_1_11' title='bbox 555 630 689 715; x_wconf 91' lang='lat' dir='ltr'>spissum</span> <span class='ocrx_word' id='word_1_12' title='bbox 715 647 839 712; x_wconf 72' lang='lat' dir='ltr'>corpus</span> <span class='ocrx_word' id='word_1_13' title='bbox 854 627 982 712; x_wconf 89' lang='lat' dir='ltr'>proprio</span> <span class='ocrx_word' id='word_1_14' title='bbox 1007 646 1071 690; x_wconf 92' lang='lat' dir='ltr'>non</span> <span class='ocrx_word' id='word_1_15' title='bbox 1094 625 1209 690; x_wconf 91' lang='lat' dir='ltr'>lumine</span> <span class='ocrx_word' id='word_1_16' title='bbox 1226 627 1377 711; x_wconf 87' lang='lat' dir='ltr'>gaudens,</span> 
     </span>
    </p>
   </div>
   <div class='ocr_carea' id='block_1_4' title="bbox 474 751 1465 2384">
    <p class='ocr_par' dir='ltr' id='par_1_4' title="bbox 474 751 1465 1999">
     <span class='ocr_line' id='line_1_4' title="bbox 474 751 1465 841; baseline -0.003 -20"><span class='ocrx_word' id='word_1_17' title='bbox 474 755 519 821; x_wconf 89' lang='lat' dir='ltr'>Ut</span> <span class='ocrx_word' id='word_1_18' title='bbox 542 754 679 841; x_wconf 89' lang='lat' dir='ltr'>Stylbon</span> <span class='ocrx_word' id='word_1_19' title='bbox 693 754 753 841; x_wconf 86' lang='grc'><strong>(1),</strong></span> <span class='ocrx_word' id='word_1_20' title='bbox 778 753 898 831; x_wconf 76' lang='lat' dir='ltr'>Venae,</span> <span class='ocrx_word' id='word_1_21' title='bbox 922 757 955 819; x_wconf 90' lang='lat' dir='ltr'>et</span> <span class='ocrx_word' id='word_1_22' title='bbox 978 752 1098 828; x_wconf 89' lang='lat' dir='ltr'>Tellus,</span> <span class='ocrx_word' id='word_1_23' title='bbox 1122 751 1296 837; x_wconf 85' lang='lat' dir='ltr'>reliquique</span> <span class='ocrx_word' id='word_1_24' title='bbox 1319 753 1465 838; x_wconf 90' lang='lat' dir='ltr'>planetae</span> 
     </span>
     <span class='ocr_line' id='line_1_5' title="bbox 475 882 1307 966; baseline -0.002 -16"><span class='ocrx_word' id='word_1_25' title='bbox 475 885 538 960; x_wconf 87' lang='lat' dir='ltr'>Qui</span> <span class='ocrx_word' id='word_1_26' title='bbox 562 906 620 952; x_wconf 90' lang='lat' dir='ltr'>nec</span> <span class='ocrx_word' id='word_1_27' title='bbox 644 884 829 960; x_wconf 77' lang='lat' dir='ltr'>scintillant,</span> <span class='ocrx_word' id='word_1_28' title='bbox 850 888 887 950; x_wconf 87' lang='lat' dir='ltr'>ut</span> <span class='ocrx_word' id='word_1_29' title='bbox 909 882 1117 949; x_wconf 74' lang='lat' dir='ltr'>scintillantia</span> <span class='ocrx_word' id='word_1_30' title='bbox 1141 886 1201 961; x_wconf 90' lang='lat' dir='ltr'>tot,</span> <span class='ocrx_word' id='word_1_31' title='bbox 1225 902 1307 966; x_wconf 87' lang='lat' dir='ltr'>quae</span> 
     </span>
     <span class='ocr_line' id='line_1_6' title="bbox 477 1007 1374 1097; baseline -0.004 -19"><span class='ocrx_word' id='word_1_32' title='bbox 477 1011 638 1079; x_wconf 83' lang='lat' dir='ltr'>Naturam</span> <span class='ocrx_word' id='word_1_33' title='bbox 663 1011 808 1078; x_wconf 85' lang='lat' dir='ltr'>referunt</span> <span class='ocrx_word' id='word_1_34' title='bbox 831 1010 906 1076; x_wconf 91' lang='lat' dir='ltr'>solis</span> <span class='ocrx_word' id='word_1_35' title='bbox 928 1010 1032 1095; x_wconf 83' lang='lat' dir='ltr'>magis</span> <span class='ocrx_word' id='word_1_36' title='bbox 1055 1012 1178 1074; x_wconf 90' lang='lat' dir='ltr'>eminus</span> <span class='ocrx_word' id='word_1_37' title='bbox 1202 1007 1263 1097; x_wconf 84' lang='lat'>(2),</span> <span class='ocrx_word' id='word_1_38' title='bbox 1276 1014 1374 1078; x_wconf 89' lang='lat' dir='ltr'>astra.</span> 
     </span>
     <span class='ocr_line' id='line_1_7' title="bbox 475 1139 1354 1227; baseline -0.003 -21"><span class='ocrx_word' id='word_1_39' title='bbox 475 1141 563 1227; x_wconf 87' lang='lat' dir='ltr'>Ergo</span> <span class='ocrx_word' id='word_1_40' title='bbox 587 1147 663 1209; x_wconf 91' lang='lat' dir='ltr'>sunt</span> <span class='ocrx_word' id='word_1_41' title='bbox 686 1139 796 1205; x_wconf 91' lang='lat' dir='ltr'>iisdem</span> <span class='ocrx_word' id='word_1_42' title='bbox 819 1139 927 1204; x_wconf 84' lang='lat' dir='ltr'>murrdi</span> <span class='ocrx_word' id='word_1_43' title='bbox 950 1146 1115 1225; x_wconf 88' lang='lat' dir='ltr'>composta</span> <span class='ocrx_word' id='word_1_44' title='bbox 1129 1140 1177 1227; x_wconf 86' lang='lat'>(3)</span> <span class='ocrx_word' id='word_1_45' title='bbox 1189 1141 1354 1206; x_wconf 88' lang='lat' dir='ltr'>elementis</span> 
     </span>
     <span class='ocr_line' id='line_1_8' title="bbox 476 1271 1343 1358; baseline 0.005 -23"><span class='ocrx_word' id='word_1_46' title='bbox 476 1271 590 1336; x_wconf 84' lang='lat' dir='ltr'>Sidera</span> <span class='ocrx_word' id='word_1_47' title='bbox 614 1276 673 1349; x_wconf 91' lang='lat' dir='ltr'>tot,</span> <span class='ocrx_word' id='word_1_48' title='bbox 697 1271 813 1358; x_wconf 87' lang='lat' dir='ltr'>duplici</span> <span class='ocrx_word' id='word_1_49' title='bbox 838 1277 963 1338; x_wconf 85' lang='lat' dir='ltr'>tanturn</span> <span class='ocrx_word' id='word_1_50' title='bbox 986 1273 1187 1356; x_wconf 82' lang='lat' dir='ltr'>splendentia</span> <span class='ocrx_word' id='word_1_51' title='bbox 1210 1295 1343 1352; x_wconf 86' lang='lat' dir='ltr'>caussa,</span> 
     </span>
     <span class='ocr_line' id='line_1_9' title="bbox 478 1396 1404 1486; baseline 0.005 -23"><span class='ocrx_word' id='word_1_52' title='bbox 478 1396 577 1485; x_wconf 89' lang='lat' dir='ltr'>Cujus</span> <span class='ocrx_word' id='word_1_53' title='bbox 595 1396 775 1484; x_wconf 88' lang='lat' dir='ltr'>subjectum</span> <span class='ocrx_word' id='word_1_54' title='bbox 796 1400 845 1464; x_wconf 88' lang='lat' dir='ltr'>vis</span> <span class='ocrx_word' id='word_1_55' title='bbox 869 1400 972 1486; x_wconf 86' lang='lat' dir='ltr'>ignea,</span> <span class='ocrx_word' id='word_1_56' title='bbox 997 1406 1030 1467; x_wconf 89' lang='lat' dir='ltr'>ct</span> <span class='ocrx_word' id='word_1_57' title='bbox 1052 1401 1137 1466; x_wconf 88' lang='lat' dir='ltr'>unda</span> <span class='ocrx_word' id='word_1_58' title='bbox 1160 1407 1322 1486; x_wconf 87' lang='lat' dir='ltr'>repertum</span> <span class='ocrx_word' id='word_1_59' title='bbox 1345 1407 1404 1468; x_wconf 90' lang='lat' dir='ltr'>est.</span> 
     </span>
     <span class='ocr_line' id='line_1_10' title="bbox 475 1525 1457 1614; baseline 0.004 -25"><span class='ocrx_word' id='word_1_60' title='bbox 475 1525 564 1589; x_wconf 88' lang='lat' dir='ltr'>Haec</span> <span class='ocrx_word' id='word_1_61' title='bbox 589 1526 633 1590; x_wconf 90' lang='lat' dir='ltr'>ita</span> <span class='ocrx_word' id='word_1_62' title='bbox 658 1530 734 1589; x_wconf 87' lang='lat' dir='ltr'>sunt</span> <span class='ocrx_word' id='word_1_63' title='bbox 756 1526 874 1609; x_wconf 88' lang='lat' dir='ltr'>passim</span> <span class='ocrx_word' id='word_1_64' title='bbox 897 1528 1040 1610; x_wconf 86' lang='lat' dir='ltr'>spacium</span> <span class='ocrx_word' id='word_1_65' title='bbox 1063 1528 1203 1613; x_wconf 87' lang='lat' dir='ltr'>disposta</span> <span class='ocrx_word' id='word_1_66' title='bbox 1225 1549 1281 1614; x_wconf 91' lang='lat' dir='ltr'>per</span> <span class='ocrx_word' id='word_1_67' title='bbox 1305 1529 1457 1613; x_wconf 86' lang='lat' dir='ltr'>amplum,</span> 
     </span>
     <span class='ocr_line' id='line_1_11' title="bbox 476 1654 1334 1740; baseline 0.002 -20"><span class='ocrx_word' id='word_1_68' title='bbox 476 1654 525 1720; x_wconf 88' lang='lat' dir='ltr'>Ne</span> <span class='ocrx_word' id='word_1_69' title='bbox 548 1661 659 1721; x_wconf 89' lang='lat' dir='ltr'>mutuo</span> <span class='ocrx_word' id='word_1_70' title='bbox 684 1654 850 1739; x_wconf 84' lang='lat' dir='ltr'>perimant,</span> <span class='ocrx_word' id='word_1_71' title='bbox 876 1655 931 1720; x_wconf 91' lang='lat' dir='ltr'>sed</span> <span class='ocrx_word' id='word_1_72' title='bbox 955 1657 1059 1721; x_wconf 89' lang='lat' dir='ltr'>amica</span> <span class='ocrx_word' id='word_1_73' title='bbox 1082 1677 1160 1740; x_wconf 90' lang='lat' dir='ltr'>pace</span> <span class='ocrx_word' id='word_1_74' title='bbox 1176 1656 1334 1724; x_wconf 72' lang='lat' dir='ltr'>froaintur.</span> 
     </span>
     <span class='ocr_line' id='line_1_12' title="bbox 475 1784 1335 1872; baseline 0.005 -24"><span class='ocrx_word' id='word_1_75' title='bbox 475 1784 610 1858; x_wconf 84' lang='lat' dir='ltr'>Quando</span> <span class='ocrx_word' id='word_1_76' title='bbox 633 1784 835 1851; x_wconf 84' lang='lat' dir='ltr'>reldctantur</span> <span class='ocrx_word' id='word_1_77' title='bbox 858 1792 1008 1850; x_wconf 88' lang='lat' dir='ltr'>coeuntes</span> <span class='ocrx_word' id='word_1_78' title='bbox 1029 1785 1167 1851; x_wconf 84' lang='lat' dir='ltr'>foemina</span> <span class='ocrx_word' id='word_1_79' title='bbox 1190 1807 1335 1872; x_wconf 89' lang='lat' dir='ltr'>masque,</span> 
     </span>
     <span class='ocr_line' id='line_1_13' title="bbox 474 1910 1339 1999; baseline 0.002 -22"><span class='ocrx_word' id='word_1_80' title='bbox 474 1910 642 1997; x_wconf 86' lang='lat' dir='ltr'>Spiclaque</span> <span class='ocrx_word' id='word_1_81' title='bbox 667 1917 889 1996; x_wconf 87' lang='lat' dir='ltr'>contorquent,</span> <span class='ocrx_word' id='word_1_82' title='bbox 913 1933 1060 1997; x_wconf 87' lang='lat' dir='ltr'>nexuque</span> <span class='ocrx_word' id='word_1_83' title='bbox 1085 1913 1247 1999; x_wconf 84' lang='lat' dir='ltr'>Cupidinis</span> <span class='ocrx_word' id='word_1_84' title='bbox 1271 1917 1339 1981; x_wconf 90' lang='lat' dir='ltr'>acri</span> 
     </span>
    </p>

    <p class='ocr_par' dir='ltr' id='par_1_5' title="bbox 474 2040 1403 2262">
     <span class='ocr_line' id='line_1_14' title="bbox 475 2040 1403 2127; baseline 0.002 -23"><span class='ocrx_word' id='word_1_85' title='bbox 475 2040 566 2104; x_wconf 88' lang='lat' dir='ltr'>Bella</span> <span class='ocrx_word' id='word_1_86' title='bbox 589 2045 716 2126; x_wconf 86' lang='lat' dir='ltr'>gerunt,</span> <span class='ocrx_word' id='word_1_87' title='bbox 741 2041 889 2124; x_wconf 84' lang='lat' dir='ltr'>genitalis</span> <span class='ocrx_word' id='word_1_88' title='bbox 914 2041 1005 2108; x_wconf 87' lang='lat' dir='ltr'>adest</span> <span class='ocrx_word' id='word_1_89' title='bbox 1028 2042 1103 2106; x_wconf 91' lang='lat' dir='ltr'>hinc</span> <span class='ocrx_word' id='word_1_90' title='bbox 1126 2042 1253 2127; x_wconf 85' lang='lat' dir='ltr'>pluvius</span> <span class='ocrx_word' id='word_1_91' title='bbox 1276 2043 1403 2124; x_wconf 91' lang='lat' dir='ltr'>humor,</span> 
     </span>
     <span class='ocr_line' id='line_1_15' title="bbox 474 2171 1291 2262; baseline 0.005 -26"><span class='ocrx_word' id='word_1_92' title='bbox 474 2171 645 2262; x_wconf 85' lang='lat' dir='ltr'>Foecunda</span> <span class='ocrx_word' id='word_1_93' title='bbox 668 2176 772 2238; x_wconf 92' lang='lat' dir='ltr'>mater</span> <span class='ocrx_word' id='word_1_94' title='bbox 795 2192 887 2255; x_wconf 87' lang='lat' dir='ltr'>quem</span> <span class='ocrx_word' id='word_1_95' title='bbox 912 2173 1019 2238; x_wconf 88' lang='lat' dir='ltr'>Tellus</span> <span class='ocrx_word' id='word_1_96' title='bbox 1044 2176 1181 2260; x_wconf 88' lang='lat' dir='ltr'>concipit</span> <span class='ocrx_word' id='word_1_97' title='bbox 1205 2176 1291 2251; x_wconf 87' lang='lat' dir='ltr'>alvu,</span> 
     </span>
    </p>

    <p class='ocr_par' dir='ltr' id='par_1_6' title="bbox 474 2298 1286 2384">
     <span class='ocr_line' id='line_1_16' title="bbox 474 2298 1286 2384; baseline 0.005 -22"><span class='ocrx_word' id='word_1_98' title='bbox 474 2299 516 2364; x_wconf 91' lang='lat' dir='ltr'>Et</span> <span class='ocrx_word' id='word_1_99' title='bbox 540 2298 691 2363; x_wconf 91' lang='lat' dir='ltr'>Phoebus</span> <span class='ocrx_word' id='word_1_100' title='bbox 717 2300 804 2384; x_wconf 91' lang='lat' dir='ltr'>prius</span> <span class='ocrx_word' id='word_1_101' title='bbox 828 2300 997 2366; x_wconf 89' lang='lat' dir='ltr'>ardescens</span> <span class='ocrx_word' id='word_1_102' title='bbox 1021 2306 1198 2366; x_wconf 82' lang='lat' dir='ltr'>exsuxerat</span> <span class='ocrx_word' id='word_1_103' title='bbox 1222 2303 1286 2366; x_wconf 87' lang='lat' dir='ltr'>alte</span> 
     </span>
    </p>
   </div>
   <div class='ocr_carea' id='block_1_5' title="bbox 475 2434 1408 3568">
    <p class='ocr_par' dir='ltr' id='par_1_7' title="bbox 475 2434 1408 3433">
     <span class='ocr_line' id='line_1_17' title="bbox 475 2434 1360 2522; baseline -0.005 -20"><span class='ocrx_word' id='word_1_104' title='bbox 475 2434 624 2502; x_wconf 89' lang='lat' dir='ltr'>Crinibus</span> <span class='ocrx_word' id='word_1_105' title='bbox 649 2436 782 2517; x_wconf 90' lang='lat' dir='ltr'>auratis,</span> <span class='ocrx_word' id='word_1_106' title='bbox 808 2437 935 2522; x_wconf 86' lang='lat' dir='ltr'>gemina</span> <span class='ocrx_word' id='word_1_107' title='bbox 959 2436 1038 2501; x_wconf 87' lang='lat' dir='ltr'>hoec</span> <span class='ocrx_word' id='word_1_108' title='bbox 1063 2434 1260 2501; x_wconf 86' lang='lat' dir='ltr'>nectentibus</span> <span class='ocrx_word' id='word_1_109' title='bbox 1285 2453 1360 2499; x_wconf 87' lang='lat' dir='ltr'>ora:</span> 
     </span>
     <span class='ocr_line' id='line_1_18' title="bbox 475 2568 1367 2654; baseline -0.006 -19"><span class='ocrx_word' id='word_1_110' title='bbox 475 2569 544 2635; x_wconf 89' lang='lat' dir='ltr'>Nec</span> <span class='ocrx_word' id='word_1_111' title='bbox 568 2568 616 2634; x_wconf 92' lang='lat' dir='ltr'>sol</span> <span class='ocrx_word' id='word_1_112' title='bbox 639 2571 790 2634; x_wconf 89' lang='lat' dir='ltr'>immenso</span> <span class='ocrx_word' id='word_1_113' title='bbox 816 2575 941 2634; x_wconf 87' lang='lat' dir='ltr'>tantum</span> <span class='ocrx_word' id='word_1_114' title='bbox 965 2568 1076 2654; x_wconf 82' lang='lat' dir='ltr'>spacio&#39;</span> <span class='ocrx_word' id='word_1_115' title='bbox 1097 2573 1146 2634; x_wconf 85' lang='lat' dir='ltr'>est</span> <span class='ocrx_word' id='word_1_116' title='bbox 1170 2569 1249 2632; x_wconf 88' lang='lat' dir='ltr'>satis</span> <span class='ocrx_word' id='word_1_117' title='bbox 1275 2588 1367 2642; x_wconf 75' lang='lat' dir='ltr'>unua,</span> 
     </span>
     <span class='ocr_line' id='line_1_19' title="bbox 476 2698 1349 2786; baseline -0.003 -21"><span class='ocrx_word' id='word_1_118' title='bbox 476 2702 594 2765; x_wconf 88' lang='lat' dir='ltr'>Fertor</span> <span class='ocrx_word' id='word_1_119' title='bbox 618 2706 653 2765; x_wconf 94' lang='lat' dir='ltr'>ut</span> <span class='ocrx_word' id='word_1_120' title='bbox 677 2703 790 2765; x_wconf 89' lang='lat' dir='ltr'>insano</span> <span class='ocrx_word' id='word_1_121' title='bbox 814 2702 1002 2786; x_wconf 81' lang='lat' dir='ltr'>prompsisse</span> <span class='ocrx_word' id='word_1_122' title='bbox 1026 2701 1183 2784; x_wconf 86' lang='lat' dir='ltr'>Epicurus</span> <span class='ocrx_word' id='word_1_123' title='bbox 1209 2698 1249 2763; x_wconf 85' lang='lat' dir='ltr'>ah</span> <span class='ocrx_word' id='word_1_124' title='bbox 1274 2718 1349 2773; x_wconf 90' lang='lat' dir='ltr'>ore;</span> 
     </span>
     <span class='ocr_line' id='line_1_20' title="bbox 477 2827 1360 2916; baseline -0.008 -20"><span class='ocrx_word' id='word_1_125' title='bbox 477 2830 619 2916; x_wconf 88' lang='lat' dir='ltr'>Corpore</span> <span class='ocrx_word' id='word_1_126' title='bbox 643 2832 694 2895; x_wconf 89' lang='lat' dir='ltr'>cui</span> <span class='ocrx_word' id='word_1_127' title='bbox 717 2829 829 2895; x_wconf 87' lang='lat' dir='ltr'>stellae</span> <span class='ocrx_word' id='word_1_128' title='bbox 853 2829 951 2894; x_wconf 89' lang='lat' dir='ltr'>nihilo</span> <span class='ocrx_word' id='word_1_129' title='bbox 975 2829 1098 2913; x_wconf 82' lang='lat' dir='ltr'>majore</span> <span class='ocrx_word' id='word_1_130' title='bbox 1121 2834 1288 2914; x_wconf 85' lang='lat' dir='ltr'>putantur,</span> <span class='ocrx_word' id='word_1_131' title='bbox 1313 2827 1360 2906; x_wconf 80' lang='lat' dir='ltr'>(l)</span> 
     </span>
     <span class='ocr_line' id='line_1_21' title="bbox 475 2956 1351 3042; baseline -0.009 -16"><span class='ocrx_word' id='word_1_132' title='bbox 475 2959 588 3026; x_wconf 87' lang='lat' dir='ltr'>Nostri</span> <span class='ocrx_word' id='word_1_133' title='bbox 612 2978 707 3042; x_wconf 90' lang='lat' dir='ltr'>quam</span> <span class='ocrx_word' id='word_1_134' title='bbox 731 2957 840 3023; x_wconf 85' lang='lat' dir='ltr'>valeat</span> <span class='ocrx_word' id='word_1_135' title='bbox 863 2957 953 3023; x_wconf 88' lang='lat' dir='ltr'>visus</span> <span class='ocrx_word' id='word_1_136' title='bbox 978 2956 1204 3042; x_wconf 88' lang='lat' dir='ltr'>comprendere</span> <span class='ocrx_word' id='word_1_137' title='bbox 1228 2976 1351 3019; x_wconf 86' lang='lat' dir='ltr'>sensus.</span> 
     </span>
     <span class='ocr_line' id='line_1_22' title="bbox 476 3083 1408 3171; baseline -0.008 -19"><span class='ocrx_word' id='word_1_138' title='bbox 476 3088 522 3152; x_wconf 84' lang='lat' dir='ltr'>At</span> <span class='ocrx_word' id='word_1_139' title='bbox 544 3089 661 3171; x_wconf 90' lang='lat' dir='ltr'>passim</span> <span class='ocrx_word' id='word_1_140' title='bbox 684 3088 878 3161; x_wconf 88' lang='lat' dir='ltr'>innumeros,</span> <span class='ocrx_word' id='word_1_141' title='bbox 903 3083 977 3148; x_wconf 92' lang='lat' dir='ltr'>dum</span> <span class='ocrx_word' id='word_1_142' title='bbox 1002 3085 1120 3148; x_wconf 89' lang='lat' dir='ltr'>circum</span> <span class='ocrx_word' id='word_1_143' title='bbox 1146 3085 1314 3159; x_wconf 85' lang='lat' dir='ltr'>vertimur,</span> <span class='ocrx_word' id='word_1_144' title='bbox 1339 3102 1408 3147; x_wconf 87' lang='lat' dir='ltr'>esse</span> 
     </span>
     <span class='ocr_line' id='line_1_23' title="bbox 476 3217 1369 3304; baseline -0.007 -20"><span class='ocrx_word' id='word_1_145' title='bbox 476 3219 659 3304; x_wconf 88' lang='lat' dir='ltr'>Accipimus</span> <span class='ocrx_word' id='word_1_146' title='bbox 683 3237 835 3302; x_wconf 85' lang='lat' dir='ltr'>magnum</span> <span class='ocrx_word' id='word_1_147' title='bbox 860 3218 979 3300; x_wconf 88' lang='lat' dir='ltr'>pariter</span> <span class='ocrx_word' id='word_1_148' title='bbox 1004 3218 1178 3301; x_wconf 85' lang='lat' dir='ltr'>perinane</span> <span class='ocrx_word' id='word_1_149' title='bbox 1204 3217 1369 3295; x_wconf 90' lang='lat' dir='ltr'>micantes,</span> 
     </span>
     <span class='ocr_line' id='line_1_24' title="bbox 476 3347 1231 3433; baseline -0.004 -18"><span class='ocrx_word' id='word_1_150' title='bbox 476 3350 578 3415; x_wconf 90' lang='lat' dir='ltr'>Unica</span> <span class='ocrx_word' id='word_1_151' title='bbox 603 3351 710 3416; x_wconf 87' lang='lat' dir='ltr'>Titani</span> <span class='ocrx_word' id='word_1_152' title='bbox 734 3369 834 3433; x_wconf 92' lang='lat' dir='ltr'>neque</span> <span class='ocrx_word' id='word_1_153' title='bbox 857 3347 977 3433; x_wconf 78' lang='lat' dir='ltr'>conjux</span> <span class='ocrx_word' id='word_1_154' title='bbox 1000 3347 1141 3413; x_wconf 90' lang='lat' dir='ltr'>creditur</span> <span class='ocrx_word' id='word_1_155' title='bbox 1165 3351 1231 3428; x_wconf 85' lang='lat' dir='ltr'>uni,</span> 
     </span>
    </p>

    <p class='ocr_par' dir='ltr' id='par_1_8' title="bbox 477 3478 1352 3568">
     <span class='ocr_line' id='line_1_25' title="bbox 477 3478 1352 3568; baseline -0.003 -22"><span class='ocrx_word' id='word_1_156' title='bbox 477 3481 580 3547; x_wconf 87' lang='lat' dir='ltr'>Unica</span> <span class='ocrx_word' id='word_1_157' title='bbox 603 3483 743 3568; x_wconf 89' lang='lat' dir='ltr'>pulsanti</span> <span class='ocrx_word' id='word_1_158' title='bbox 767 3501 867 3565; x_wconf 91' lang='lat' dir='ltr'>neque</span> <span class='ocrx_word' id='word_1_159' title='bbox 893 3478 1025 3545; x_wconf 89' lang='lat' dir='ltr'>Phoebo</span> <span class='ocrx_word' id='word_1_160' title='bbox 1049 3480 1192 3564; x_wconf 85' lang='lat' dir='ltr'>nympha</span> <span class='ocrx_word' id='word_1_161' title='bbox 1216 3481 1352 3545; x_wconf 88' lang='lat' dir='ltr'>choreas</span> 
     </span>
    </p>
   </div>
   <div class='ocr_carea' id='block_1_6' title="bbox 475 3615 1360 3829">
    <p class='ocr_par' dir='ltr' id='par_1_9' title="bbox 475 3615 1360 3829">
     <span class='ocr_line' id='line_1_26' title="bbox 477 3615 1342 3702; baseline -0.002 -18"><span class='ocrx_word' id='word_1_162' title='bbox 477 3620 582 3695; x_wconf 91' lang='lat' dir='ltr'>Ducit,</span> <span class='ocrx_word' id='word_1_163' title='bbox 607 3625 640 3684; x_wconf 89' lang='lat' dir='ltr'>et</span> <span class='ocrx_word' id='word_1_164' title='bbox 662 3619 866 3683; x_wconf 91' lang='lat' dir='ltr'>harmonicos</span> <span class='ocrx_word' id='word_1_165' title='bbox 891 3637 1041 3682; x_wconf 90' lang='lat' dir='ltr'>numeros</span> <span class='ocrx_word' id='word_1_166' title='bbox 1065 3615 1201 3683; x_wconf 84' lang='lat' dir='ltr'>feliciter</span> <span class='ocrx_word' id='word_1_167' title='bbox 1223 3619 1342 3702; x_wconf 81' lang='lat' dir='ltr'>explet.</span> 
     </span>
     <span class='ocr_line' id='line_1_27' title="bbox 475 3743 1360 3829; baseline -0.003 -17"><span class='ocrx_word' id='word_1_168' title='bbox 475 3747 536 3812; x_wconf 84' lang='lat' dir='ltr'>nst</span> <span class='ocrx_word' id='word_1_169' title='bbox 560 3744 662 3811; x_wconf 84' lang='lat' dir='ltr'>veluti</span> <span class='ocrx_word' id='word_1_170' title='bbox 686 3743 792 3809; x_wconf 88' lang='lat' dir='ltr'>Tellus</span> <span class='ocrx_word' id='word_1_171' title='bbox 817 3765 889 3810; x_wconf 89' lang='lat' dir='ltr'>cum</span> <span class='ocrx_word' id='word_1_172' title='bbox 913 3744 1006 3807; x_wconf 89' lang='lat' dir='ltr'>Luna</span> <span class='ocrx_word' id='word_1_173' title='bbox 1032 3749 1090 3819; x_wconf 87' lang='lat' dir='ltr'>est,</span> <span class='ocrx_word' id='word_1_174' title='bbox 1117 3744 1360 3829; x_wconf 84' lang='lat' dir='ltr'>Mercuriusque</span> 
     </span>
    </p>
   </div>
   <div class='ocr_carea' id='block_1_7' title="bbox 441 3912 1566 4284">
    <p class='ocr_par' dir='ltr' id='par_1_10' title="bbox 441 3912 1566 4086">
     <span class='ocr_line' id='line_1_28' title="bbox 462 3912 1566 3996; baseline -0.002 -12"><span class='ocrx_word' id='word_1_175' title='bbox 462 3941 492 3996; x_wconf 88' lang='grc'>(1)</span> <span class='ocrx_word' id='word_1_176' title='bbox 508 3912 637 3989; x_wconf 55' lang='grc' dir='ltr'><em>σῗὶλβωῖ,</em></span> <span class='ocrx_word' id='word_1_177' title='bbox 649 3942 733 3991; x_wconf 72' lang='lat' dir='ltr'>eniteas,</span> <span class='ocrx_word' id='word_1_178' title='bbox 742 3937 761 3981; x_wconf 87' lang='lat' dir='ltr'>si</span> <span class='ocrx_word' id='word_1_179' title='bbox 770 3937 858 3982; x_wconf 87' lang='lat' dir='ltr'>chiama</span> <span class='ocrx_word' id='word_1_180' title='bbox 867 3943 930 3980; x_wconf 84' lang='lat' dir='ltr'>tanto</span> <span class='ocrx_word' id='word_1_181' title='bbox 940 3937 954 3980; x_wconf 93' lang='lat' dir='ltr'>il</span> <span class='ocrx_word' id='word_1_182' title='bbox 965 3937 1056 3993; x_wconf 85' lang='lat' dir='ltr'>planeta</span> <span class='ocrx_word' id='word_1_183' title='bbox 1066 3937 1091 3980; x_wconf 92' lang='lat' dir='ltr'>di</span> <span class='ocrx_word' id='word_1_184' title='bbox 1104 3938 1223 3992; x_wconf 83' lang='lat' dir='ltr'>Mercurio,</span> <span class='ocrx_word' id='word_1_185' title='bbox 1234 3951 1297 3982; x_wconf 85' lang='lat' dir='ltr'>corne</span> <span class='ocrx_word' id='word_1_186' title='bbox 1308 3939 1381 3994; x_wconf 88' lang='lat' dir='ltr'>quello</span> <span class='ocrx_word' id='word_1_187' title='bbox 1392 3940 1413 3982; x_wconf 89' lang='lat' dir='ltr'>di</span> <span class='ocrx_word' id='word_1_188' title='bbox 1424 3941 1518 3983; x_wconf 80' lang='lat' dir='ltr'>Venere:</span> <span class='ocrx_word' id='word_1_189' title='bbox 1531 3935 1566 3994; x_wconf 81' lang='lat' dir='ltr'>qui</span> 
     </span>
     <span class='ocr_line' id='line_1_29' title="bbox 441 4040 713 4086; baseline -0.015 0"><span class='ocrx_word' id='word_1_190' title='bbox 441 4043 460 4086; x_wconf 74' lang='grc' dir='ltr'>ι’</span> <span class='ocrx_word' id='word_1_191' title='bbox 469 4041 558 4086; x_wconf 83' lang='lat' dir='ltr'>intende</span> <span class='ocrx_word' id='word_1_192' title='bbox 568 4040 589 4083; x_wconf 90' lang='lat' dir='ltr'>di</span> <span class='ocrx_word' id='word_1_193' title='bbox 597 4041 713 4083; x_wconf 80' lang='lat' dir='ltr'>Mercurio.</span> 
     </span>
    </p>

    <p class='ocr_par' dir='ltr' id='par_1_11' title="bbox 461 4129 1128 4193">
     <span class='ocr_line' id='line_1_30' title="bbox 461 4129 1128 4193; baseline -0.009 -14"><span class='ocrx_word' id='word_1_194' title='bbox 461 4136 494 4193; x_wconf 71' lang='lat'>(2)</span> <span class='ocrx_word' id='word_1_195' title='bbox 509 4136 595 4185; x_wconf 69' lang='lat' dir='ltr'>Quesla</span> <span class='ocrx_word' id='word_1_196' title='bbox 603 4135 711 4189; x_wconf 81' lang='lat' dir='ltr'>virgolac</span> <span class='ocrx_word' id='word_1_197' title='bbox 721 4134 742 4177; x_wconf 88' lang='lat' dir='ltr'>la</span> <span class='ocrx_word' id='word_1_198' title='bbox 751 4132 884 4190; x_wconf 84' lang='lat' dir='ltr'>precedente</span> <span class='ocrx_word' id='word_1_199' title='bbox 898 4143 1007 4176; x_wconf 80' lang='lat' dir='ltr'>mancono</span> <span class='ocrx_word' id='word_1_200' title='bbox 1016 4129 1052 4174; x_wconf 88' lang='lat' dir='ltr'>nel</span> <span class='ocrx_word' id='word_1_201' title='bbox 1062 4137 1128 4175; x_wconf 81' lang='lat' dir='ltr'>testo.</span> 
     </span>
    </p>

    <p class='ocr_par' dir='ltr' id='par_1_12' title="bbox 459 4227 760 4284">
     <span class='ocr_line' id='line_1_31' title="bbox 459 4227 760 4284; baseline -0.007 -13"><span class='ocrx_word' id='word_1_202' title='bbox 459 4229 490 4284; x_wconf 78' lang='grc'>(3)</span> <span class='ocrx_word' id='word_1_203' title='bbox 502 4228 518 4270; x_wconf 96' lang='lat' dir='ltr'>ll</span> <span class='ocrx_word' id='word_1_204' title='bbox 527 4235 585 4272; x_wconf 83' lang='lat' dir='ltr'>testo</span> <span class='ocrx_word' id='word_1_205' title='bbox 595 4227 630 4270; x_wconf 85' lang='lat' dir='ltr'>ha:</span> <span class='ocrx_word' id='word_1_206' title='bbox 643 4230 760 4282; x_wconf 79' lang='lat' dir='ltr'>composti.</span> 
     </span>
    </p>
   </div>
   <div class='ocr_carea' id='block_1_8' title="bbox 432 4318 1559 4467">
    <p class='ocr_par' dir='ltr' id='par_1_13' title="bbox 432 4318 1559 4467">
     <span class='ocr_line' id='line_1_32' title="bbox 461 4318 1559 4379; baseline -0.004 -17"><span class='ocrx_word' id='word_1_207' title='bbox 461 4319 493 4376; x_wconf 80' lang='lat' dir='ltr'>(l)</span> <span class='ocrx_word' id='word_1_208' title='bbox 505 4320 583 4364; x_wconf 78' lang='lat' dir='ltr'>Allude</span> <span class='ocrx_word' id='word_1_209' title='bbox 594 4321 624 4364; x_wconf 72' lang='lat' dir='ltr'>ad</span> <span class='ocrx_word' id='word_1_210' title='bbox 634 4322 671 4365; x_wconf 75' lang='lat' dir='ltr'>uu·</span> <span class='ocrx_word' id='word_1_211' title='bbox 680 4322 780 4378; x_wconf 89' lang='lat' dir='ltr'>opinione</span> <span class='ocrx_word' id='word_1_212' title='bbox 789 4321 810 4364; x_wconf 93' lang='lat' dir='ltr'>di</span> <span class='ocrx_word' id='word_1_213' title='bbox 821 4322 925 4379; x_wconf 83' lang='lat' dir='ltr'>Epicuro;</span> <span class='ocrx_word' id='word_1_214' title='bbox 935 4321 992 4365; x_wconf 83' lang='lat' dir='ltr'>ende</span> <span class='ocrx_word' id='word_1_215' title='bbox 1002 4327 1081 4378; x_wconf 83' lang='lat' dir='ltr'>questo</span> <span class='ocrx_word' id='word_1_216' title='bbox 1092 4333 1157 4365; x_wconf 73' lang='lat' dir='ltr'>verso</span> <span class='ocrx_word' id='word_1_217' title='bbox 1167 4331 1198 4365; x_wconf 79' lang='lat' dir='ltr'>va</span> <span class='ocrx_word' id='word_1_218' title='bbox 1206 4320 1276 4364; x_wconf 77' lang='lat' dir='ltr'>iutcso</span> <span class='ocrx_word' id='word_1_219' title='bbox 1287 4321 1340 4363; x_wconf 85' lang='lat' dir='ltr'>cosi.</span> <span class='ocrx_word' id='word_1_220' title='bbox 1353 4319 1415 4362; x_wconf 74' lang='lat' dir='ltr'>«Cui</span> <span class='ocrx_word' id='word_1_221' title='bbox 1431 4318 1543 4372; x_wconf 75' lang='lat' dir='ltr'>(Epicrao</span> <span class='ocrx_word' id='word_1_222' title='bbox 1552 4327 1559 4372; x_wconf 90' lang='grc'><strong>)</strong></span> 
     </span>
     <span class='ocr_line' id='line_1_33' title="bbox 432 4411 1069 4467; baseline -0.003 -9"><span class='ocrx_word' id='word_1_223' title='bbox 432 4411 513 4453; x_wconf 61' lang='lat' dir='ltr'>“ellae</span> <span class='ocrx_word' id='word_1_224' title='bbox 520 4419 640 4465; x_wconf 75' lang='lat' dir='ltr'>palantia·</span> <span class='ocrx_word' id='word_1_225' title='bbox 650 4423 749 4467; x_wconf 76' lang='lat' dir='ltr'>corpore</span> <span class='ocrx_word' id='word_1_226' title='bbox 758 4413 834 4456; x_wconf 73' lang='lat' dir='ltr'>nihilo</span> <span class='ocrx_word' id='word_1_227' title='bbox 844 4411 941 4466; x_wconf 80' lang='lat' dir='ltr'>majore,</span> <span class='ocrx_word' id='word_1_228' title='bbox 952 4423 1025 4467; x_wconf 82' lang='lat' dir='ltr'>quam</span> <span class='ocrx_word' id='word_1_229' title='bbox 1035 4424 1069 4456; x_wconf 86' lang='lat' dir='ltr'>ec.</span> 
     </span>
    </p>
   </div>
   <div class='ocr_carea' id='block_1_9' title="bbox 0 0 1728 5108">
    <p class='ocr_par' dir='ltr' id='par_1_14' title="bbox 0 0 1728 5108">
     <span class='ocr_line' id='line_1_34' title="bbox 0 0 1728 5108; baseline 0 0"><span class='ocrx_word' id='word_1_230' title='bbox 0 0 1728 5108; x_wconf 95' lang='lat' dir='ltr'> </span> 
     </span>
    </p>
   </div>
  </div>
 </body>
</html>
