3442 5108
785 321 961 380 -139-

309 533 402 602 esse,
422 505 551 609 inquo
571 509 663 585 liaeo
682 512 812 584 mutuo
832 508 1018 601 resistant,
1043 523 1155 610 atquc
1175 510 1321 586 cedant.
1353 512 1435 588 Va-

308 659 420 713 euum
444 659 518 712 non
538 634 634 711 tollit
653 634 1037 736 proportionalitatem
1064 639 1199 729 motus,
1218 634 1305 712 licet
1337 637 1435 712 enim

307 760 461 837 tollatur
480 761 574 837 ratio
590 761 810 854 velocitate,
826 787 920 863 quae
936 767 993 837 est
1007 763 1053 837 ab
1069 761 1283 849 obsistente,
1309 787 1433 839 rema-

308 890 374 962 net
389 891 514 963 tamen
533 888 631 963 ratio
647 912 741 989 quae
761 893 855 963 esta
874 887 1088 963 diversitate
1107 887 1370 979 terminorum,
1393 894 1432 965 ut

305 1036 453 1088 sursum
486 1018 522 1088 et
547 1013 732 1105 deorsum,
762 1013 856 1088 ratio
875 1013 976 1098 item,
1005 1017 1174 1113 quaeest
1202 1038 1224 1087 a
1254 1013 1432 1115 qualitate

305 1136 429 1239 spatii,
450 1163 493 1215 ea
509 1163 666 1241 quoque,
687 1165 781 1241 quae
801 1144 857 1214 est
876 1138 1008 1214 amole
1027 1139 1184 1231 mobilia,
1205 1164 1249 1215 ea
1269 1141 1430 1234 tandem,

306 1289 401 1365 quae
430 1268 486 1339 est
514 1291 536 1340 a
564 1265 703 1341 virtute
732 1264 901 1365 pellentis
925 1265 1124 1340 extrinseci
1144 1264 1204 1340 vel
1227 1265 1430 1343 intrinseci:

304 1389 467 1465 medium
486 1390 601 1492 igitur
615 1417 684 1467 nec
699 1394 766 1484 est,
786 1417 856 1467 nec
871 1417 951 1467 esse
967 1394 1088 1492 potest
1100 1388 1307 1467 velocitatis
1321 1391 1431 1468 tardi·

304 1514 465 1615 tatisque
487 1515 593 1591 ratic.
615 1517 779 1592 Tandem
793 1517 1047 1618 qualecunque
1062 1520 1100 1591 et
1119 1517 1364 1619 quodcunque
1380 1517 1430 1593 sit

303 1640 479 1732 medium,
503 1666 568 1741 per
587 1643 684 1743 quod
704 1667 762 1717 res
783 1644 963 1733 ferantur,
984 1646 1114 1718 contra
1130 1641 1311 1717 rationem
1330 1641 1429 1717 vide-

303 1769 366 1841 tur
384 1766 480 1867 quod
505 1767 639 1843 dicitur
659 1769 704 1843 ab
729 1768 940 1859 Aristotele,
952 1768 1086 1844 mobile
1104 1751 1127 1842 a
1146 1767 1265 1842 medio
1290 1768 1428 1844 habere

304 1891 401 1993 quod
429 1898 637 1987 moveatur,
658 1921 743 1971 cum
762 1922 828 1996 per
847 1895 1006 1972 medium
1028 1894 1103 1972 alia
1121 1894 1333 1984 asceudant,
1354 1894 1428 1971 alia

302 2019 552 2112 descendant,
582 2026 618 2096 et
646 2046 944 2123 quaquaversum
971 2020 1106 2097 deferri
1143 2019 1310 2095 videmus
1335 2020 1427 2096 haec

301 2146 451 2246 quidem
479 2152 516 2223 et
535 2148 597 2223 illa
625 2154 715 2224 tunc
733 2173 904 2250 nuncque
932 2148 1085 2234 tardius,
1106 2145 1169 2221 illa
1188 2170 1277 2221 vero
1298 2148 1335 2220 et
1354 2146 1427 2221 ista

300 2296 401 2348 nunc
432 2277 593 2375 tuncque
612 2274 796 2367 velocius;
817 2276 1020 2377 inquibus,
1051 2272 1221 2375 quamvis
1241 2273 1339 2372 quod
1367 2278 1424 2349 est

300 2395 339 2472 in
360 2396 492 2489 medio,
514 2397 626 2500 (quod
656 2399 847 2482 Aristoteli
868 2398 1027 2474 medium
1047 2394 1198 2499 dicitur)
1225 2394 1421 2495 aliquando

300 2521 431 2622 aragia,
462 2521 659 2624 aliquando
679 2525 802 2601 minus
831 2523 980 2616 resistit,
1011 2528 1052 2598 ut
1080 2547 1178 2623 aqua
1214 2519 1420 2621 impurior,

300 2647 419 2748 magis
449 2674 560 2747 quam
589 2652 727 2752 purior,
748 2652 914 2752 haecque
943 2649 1061 2750 magis
1090 2671 1201 2751 quam
1226 2653 1301 2731 aer,
1332 2671 1425 2722 nun-

299 2796 410 2872 quam
427 2778 550 2851 tamen
567 2778 725 2853 mollium
741 2802 807 2878 per
822 2800 901 2852 sese
920 2776 1057 2850 hallero
1086 2775 1173 2863 rim,
1203 2797 1277 2872 qua
1295 2770 1419 2871 pellat,

299 2899 446 2975 ostendi
467 2903 613 3001 poterit.

724 3174 844 3226 marie.
866 3170 994 3224 xxxvi.

350 3395 471 3472 Vacui
489 3422 563 3474 non
584 3398 703 3476 solum
720 3401 922 3484 continere,
938 3397 1001 3473 sed
1021 3399 1057 3469 et
1072 3389 1331 3468 disterminare
1352 3397 1418 3469 est:

296 3522 333 3595 et
351 3520 433 3598 ideo
453 3523 572 3624 ipsum
592 3524 714 3601 locum
734 3526 811 3601 siue
831 3549 997 3626 corpore,
1018 3518 1076 3596 vel
1096 3517 1271 3618 spatium,
1292 3517 1417 3619 inquo

296 3669 429 3748 corpus
457 3654 525 3742 est,
554 3677 634 3727 esse
654 3652 822 3741 dicimuS,
843 3675 960 3751 neque
988 3647 1080 3737 alia,
1101 3668 1212 3746 quam
1232 3640 1306 3718 leui
1332 3670 1418 3746 qua·

294 3771 379 3848 dam
403 3775 559 3868 ratione,
579 3777 703 3853 locum
723 3782 833 3878 atque
853 3799 1014 3853 iacuum
1042 3769 1191 3848 differre
1219 3766 1412 3845 sentinam.

788 4050 911 4102 RATIO.

343 4269 515 4349 Vacuum
529 4279 628 4350 certo
648 4275 760 4354 etiam
776 4279 921 4377 oportet
939 4300 1031 4365 esse,
1048 4276 1145 4378 quod
1165 4277 1411 4358 disterminet:
