3442 5108
695 363 872 426 -117-

220 549 337 628 sultat
363 554 500 646 motus,
531 553 585 629 sie
603 555 645 629 ut
664 577 712 629 ex
743 551 893 630 vidente
911 556 949 631 et
984 553 1076 649 vis0‚
1105 555 1225 634 visio:
1254 579 1336 659 ope-

220 679 328 754 rante
356 680 394 754 et
412 677 532 781 operis
551 680 747 781 subjecto,
780 681 970 783 operatio:
998 706 1091 784 quae
1110 687 1152 761 ut
1177 682 1216 760 in
1245 683 1335 787 ipsis

219 808 289 892 est,
324 804 529 882 formaliter
556 804 702 901 dieitur,
732 809 773 884 ut
804 812 930 885 autem
957 811 1003 886 ab
1030 810 1119 913 ipsis
1150 809 1335 913 provenit,

219 930 468 1034 originaliter3
497 936 534 1010 et
559 931 642 1010 ideo
661 937 764 1020 patet
781 933 895 1013 etiam
923 939 1107 1038 quartum.
1135 935 1207 1014 Hie
1239 960 1331 1014 con·

219 1055 390 1159 templari
408 1057 495 1136 lieet
512 1063 683 1162 quatuor,
716 1084 850 1162 nempe
877 1065 1106 1163 operantem,
1136 1059 1333 1166 operabile,

220 1182 483 1285 operationem,
502 1211 606 1290 opus.

594 1455 667 1522 UBI
691 1455 747 1522 DE
770 1455 967 1523 INFINITO

670 1711 791 1768 ARTIG.
811 1713 889 1767 xxi.

272 1943 365 2020 illud
392 1939 701 2045 propriissimum,
730 1941 829 2044 quod
855 1962 1091 2018 communem
1118 1939 1207 2016 facit
1234 1938 1337 2017 dubi·

221 2069 413 2161 tationem,
444 2091 509 2170 per
536 2065 573 2142 id
600 2068 698 2168 quod
725 2066 763 2144 in
783 2067 1005 2169 cogitatione
1023 2090 1098 2142 non
1118 2064 1241 2143 deficit
1259 2089 1335 2142 nu·

220 2220 366 2286 merua,
395 2198 433 2269 et
459 2192 724 2270 mathematica
750 2194 997 2295 magnitude,
1025 2215 1208 2294 nusquam
1226 2191 1339 2269 diluit

220 2318 450 2396 Aristoteles.
479 2319 562 2394 Non
591 2318 689 2396 enim
716 2318 799 2420 plus
826 2319 934 2397 debet
961 2319 1096 2396 habere
1115 2318 1332 2421 imaginatio

219 2443 414 2538 naturalia,
434 2447 493 2522 vel
520 2444 740 2522 naturaliter
768 2470 877 2546 posse
904 2447 1024 2540 debet,
1053 2470 1165 2549 quam
1183 2448 1331 2521 natura:

221 2570 387 2674 quinimo
412 2571 498 2674 quid
517 2571 616 2648 aliud
635 2570 854 2649 crediderim
874 2597 953 2649 esse
972 2571 1254 2676 imaginativam
1272 2595 1335 2674 po-

221 2697 389 2791 tentiam,
409 2701 667 2800 praeterquam
681 2701 838 2775 naturae
853 2701 1024 2777 umbram
1039 2694 1335 2776 aemulatricemt

719 2972 840 3027 RATIO.

275 3197 383 3276 Unde
411 3223 458 3275 ex
485 3202 593 3301 parte
619 3198 730 3303 hujus
757 3198 943 3305 potentiae
970 3196 1152 3275 naturalis
1179 3203 1237 3277 est
1254 3198 1336 3278 infi-

220 3322 354 3418 nitum,
375 3328 418 3402 ut
445 3325 663 3427 imaginatio
681 3328 928 3429 quantitatem
947 3325 1149 3428 quantitati
1167 3327 1336 3407 addendo

221 3474 297 3528 non
307 3450 613 3553 quiesoat‚neque
625 3452 675 3529 ilii
685 3454 908 3531 terminetur
918 3451 1097 3529 dimensio
1109 3451 1336 3555 simpliciter,

222 3575 261 3650 et
279 3571 416 3673 aliquid
444 3576 553 3649 extra
579 3575 759 3653 mundum
785 3579 946 3677 nequeat
973 3598 1048 3650 non
1075 3573 1227 3676 fingere,
1256 3574 1339 3655 sive

222 3722 386 3774 vacuum
406 3697 454 3775 sit
472 3697 575 3792 illud,
590 3699 670 3777 sive
687 3701 849 3804 plenum.
879 3700 986 3777 Unde
1014 3700 1127 3777 etiam
1146 3700 1257 3779 alioui
1275 3725 1340 3778 na·

222 3817 334 3893 turali
372 3816 457 3893 talis
493 3820 668 3920 tantaque
705 3821 870 3923 potentia
906 3820 1002 3897 inest
1032 3843 1105 3896 non
1133 3821 1339 3897 secundum

223 3945 398 4018 naturam
426 3945 528 4020 centa
556 3944 699 4022 ratione
727 3944 778 4022 illi
806 3942 1124 4046 respondentem?
1153 3942 1233 4019 Nisi
1262 3967 1339 4021 am-

221 4064 423 4144 bulationis
451 4068 583 4170 gratia,
612 4076 747 4148 natura
774 4071 885 4172 pedes
902 4092 978 4145 non
997 4066 1179 4145 effecisset
1198 4067 1338 4144 anima·

221 4192 330 4271 libus:
358 4218 477 4295 neque
505 4196 705 4274 contribuit
718 4196 923 4300 potentiam
936 4194 984 4270 ad
998 4193 1210 4286 terminum,
1227 4217 1338 4297 quem

221 4341 298 4394 non
328 4317 513 4420 attingat,
542 4344 660 4422 neque
688 4322 817 4417 decet,
845 4324 889 4398 ut
919 4317 1089 4398 naturale
1124 4318 1338 4423 quidpiam,
