3442 5108
878 369 1059 429 -184-

405 586 444 636 se
464 559 631 637 universi
649 559 811 634 medium
830 558 1008 650 obtinere;
1029 558 1128 635 sicut
1149 559 1300 635 enimet
1319 560 1357 634 in
1377 558 1530 660 superfi-

405 687 460 762 cie
480 686 658 786 cujusque
669 683 780 786 globi,
790 683 1054 785 hemisphaerii
1065 684 1341 786 horizontisque
1356 688 1527 761 centrum

405 812 444 887 in
462 809 645 912 quolibet,
665 834 759 910 eque
786 808 949 910 quolibet
976 813 1127 912 puncto,
1157 816 1328 913 respectu
1356 811 1528 887 diverso-

405 961 489 1013 rum
508 935 649 1013 desumi
665 937 809 1035 potest,
829 934 881 1010 ita
891 934 929 1010 in
940 959 1160 1038 quacunque
1174 937 1326 1039 regione
1341 940 1527 1038 punctove

405 1060 566 1137 aetheris
594 1059 764 1136 immensi
793 1082 970 1152 maneas,
1002 1060 1164 1162 undique
1191 1063 1228 1138 in
1258 1062 1384 1138 orbem
1417 1060 1528 1136 astris

405 1185 517 1262 certis
535 1185 700 1261 numeris
719 1183 999 1286 intervallisque
1017 1187 1063 1261 ab
1083 1186 1243 1263 invicem
1262 1185 1530 1277 distinctis,im·

405 1311 523 1387 mensi
551 1308 658 1411 spatii
697 1308 830 1385 faciem
858 1311 1071 1411 prospicies.
1100 1311 1269 1413 Denique
1292 1312 1381 1387 dnm
1409 1311 1529 1413 ipsum

405 1438 504 1514 circa
522 1435 692 1538 propriae
711 1433 980 1536 magnitudinis
1009 1441 1180 1514 centrum
1208 1437 1435 1525 revolvetur,
1465 1442 1526 1511 to-

404 1568 486 1639 tum
505 1563 745 1654 immensum,
766 1560 1023 1662 universisque
1051 1585 1137 1638 cum
1165 1562 1276 1637 astris
1297 1561 1527 1642 universum,

406 1687 524 1765 veluti
539 1686 759 1763 continuum
775 1710 891 1761 unum
910 1692 1014 1762 motu
1033 1687 1266 1789 rapidissimo
1286 1684 1529 1762 circumvolvi

406 1813 603 1890 videbitur.
620 1811 717 1887 Hinc
737 1817 804 1903 est,
825 1810 1039 1913 quodcum
1061 1813 1226 1890 tellusad
1241 1837 1349 1889 snam
1363 1835 1531 1888 suorum·

407 1966 478 2042 que
497 1940 615 2016 vitam
633 1935 695 2040 (ne
712 1937 774 2014 vel
789 1936 927 2038 frigore
937 1942 1096 2040 torpeat,
1111 1939 1171 2015 vel
1189 1941 1409 2015 absumatur
1427 1935 1530 2039 igne)

408 2068 455 2144 ad
484 2065 615 2158 solem,
646 2065 743 2140 unde
771 2064 976 2141 lomentum
1005 2065 1147 2166 capiat,
1169 2065 1417 2167 omniquaque
1437 2088 1530 2139 con-

407 2194 580 2287 vertitur,
601 2189 760 2268 efficitur
778 2195 821 2267 ut
840 2191 920 2291 ejus
935 2192 1130 2294 vertiginis
1142 2192 1355 2294 ignorantia
1369 2191 1531 2266 fixorum

407 2322 617 2399 deserentes
641 2320 770 2410 orbes,
800 2317 1092 2420 stelliferumque
1121 2318 1212 2394 illud
1240 2318 1364 2394 omnia
1378 2320 1531 2418 raptans

407 2447 605 2551 imaginari
637 2445 770 2538 l'aciat,
794 2450 832 2521 et
861 2446 1073 2521 universam
1102 2450 1259 2522 naturae
1297 2444 1335 2519 in
1364 2442 1531 2519 sensibus

407 2569 740 2675 perturbatioribns
759 2567 1012 2671 ignorantiam
1040 2570 1254 2649 confirmet:
1284 2592 1371 2644 curn
1391 2570 1531 2657 tamen,

408 2703 451 2775 ut
469 2697 549 2772 istis
568 2697 607 2772 in
625 2695 745 2771 medio
765 2694 953 2796 quiescere
981 2694 1151 2788 videtur,
1180 2694 1233 2770 ita
1260 2691 1385 2797 (quale
1413 2714 1531 2767 unum

408 2849 456 2900 ex
473 2821 711 2900 nobilissimis
729 2819 856 2923 astris)
874 2821 911 2896 in
932 2821 1002 2897 bac
1022 2821 1219 2897 aethereae
1239 2818 1402 2920 regionis
1422 2823 1529 2919 parte

407 2950 577 3051 regulata
596 2973 662 3049 pro
680 2951 839 3024 naturae
858 2946 1048 3048 exigentia
1066 2969 1179 3024 suum
1198 2943 1360 3046 spatium
1379 2943 1426 3019 ad
1445 2944 1533 3019 defi-

407 3076 505 3154 nitos
525 3075 628 3176 polos
656 3098 882 3175 peragram,
911 3072 1010 3149 circa
1038 3072 1229 3175 proprium
1258 3072 1427 3146 centrum
1446 3093 1533 3144 con-

409 3201 581 3288 vertitur,
601 3205 712 3300 atque
731 3175 860 3275 solem.
1627 3169 1634 3185 ⁹

699 3448 828 3515 CIRCA
854 3445 1050 3512 TERTIUM
1074 3445 1252 3511 LIBRUM.

849 3682 969 3738 nnnc.
988 3682 1116 3735 namn.

463 3886 581 3966 Tertii
600 3886 684 3962 libri
707 3885 933 3963 intentiones
953 3891 1041 3963 sunt
1060 3886 1139 3985 ejus
1159 3905 1243 3983 pars
1271 3880 1533 3957 consideratio·

408 4015 478 4109 nis,
499 4041 592 4117 quam
622 4016 678 4089 est
697 4011 852 4088 inlibris
880 4015 925 4090 de
950 4010 1188 4114 generatione
1216 4012 1254 4082 et
1281 4007 1531 4108 corruptione.

409 4163 478 4215 nce
498 4137 586 4213 droit
603 4135 660 4237 (l)
685 4136 732 4211 ad
760 4136 872 4212 linem
899 4132 1160 4238 disputationis
1179 4130 1291 4231 hujus
1311 4128 1529 4220 demando,

451 4406 496 4486 (1)
511 4407 536 4466 ll
549 4406 831 4482 Glrorercorregge:
843 4402 978 4480 faciunt,
991 4416 1077 4462 senua
1092 4396 1247 4459 necessita.
