3442 5108
913 302 1074 380 .·.1p-

454 482 527 580 bus
549 501 721 604 gerendis
739 502 920 605 potentia,
930 501 1119 595 facilitate,
1139 502 1177 576 et
1195 498 1424 577 authoritate
1437 498 1517 578 Deo
1532 500 1579 578 si·

455 628 631 705 millimus
650 634 707 703 est
726 628 872 730 sapiens
884 630 898 703 ‘l
918 628 961 703 ln
980 625 1148 726 margine
1166 625 1265 701 illius
1289 625 1370 703 solii
1397 630 1577 704 noctuam

452 754 507 831 illi
526 779 672 832 sacram
689 752 917 855 insculptam
936 752 1031 844 vidi3
1060 751 1147 854 quia
1176 750 1311 854 ubique
1339 752 1453 829 etiam
1481 778 1578 855 quac

454 880 611 957 caeteris
630 885 718 957 sunt
736 878 1002 956 obscurissima
1019 877 1121 954 videt
1140 876 1321 978 sapientia
1333 879 1447 980 juxta
1465 876 1573 956 illud:

453 1005 645 1083 Tenebrae
661 1029 735 1082 non
755 1004 1053 1081 obscurabuntur
1071 1006 1163 1096 ate,
1182 1006 1220 1078 et
1237 1026 1314 1080 nox
1332 1002 1429 1080 sicut
1443 1003 1521 1081 dies
1536 1004 1577 1081 il·

447 1127 706 1223 luminabitur,
726 1132 764 1206 et
781 1152 856 1206 non
888 1133 946 1204 est
970 1126 1198 1204 occultatum
1217 1149 1259 1202 os
1279 1123 1335 1231 (l)
1351 1149 1476 1203 meum
1493 1128 1575 1221 tibi,

452 1256 551 1357 quod
578 1254 698 1331 iecisti
726 1253 925 1331 occultum.
953 1253 994 1328 ln
1013 1276 1144 1354 campo
1171 1275 1261 1328 vero
1289 1250 1383 1344 solii,
1412 1250 1575 1330 Vulcani

455 1406 580 1484 opera,
600 1379 779 1457 mirabilis
798 1381 1006 1473 habebatur
1024 1378 1222 1481 descriptio
1243 1377 1419 1472 universi,
1439 1403 1575 1483 nempe

453 1531 608 1608 operum
635 1507 704 1583 Dei
731 1506 901 1595 historia,
930 1509 968 1582 et
991 1504 1156 1605 ejusdem
1185 1529 1406 1606 corporeum
1425 1504 1576 1583 simula-

453 1657 571 1710 crum.
605 1633 677 1709 Ubi
710 1639 747 1709 et
776 1634 868 1710 haec
900 1634 1015 1709 verba
1051 1631 1190 1732 scripta
1218 1634 1336 1706 erant.
1365 1630 1449 1733 lpse
1479 1632 1581 1709 dedit

451 1757 543 1833 mihi
561 1758 696 1833 horum
720 1782 814 1860 quae
837 1761 925 1833 sunt
952 1755 1145 1832 scientiam
1171 1778 1313 1848 veram,
1333 1759 1376 1831 ut
1393 1755 1510 1832 sciam
1529 1755 1581 1832 di-

452 1884 692 1987 spositionem
719 1884 818 1960 orbis
845 1887 1056 1976 terrarum,
1089 1870 1248 1957 virtutes
1275 1880 1572 1975 elementorum,

454 2005 622 2097 initium,
642 2003 1017 2095 consummationem,
1038 2009 1075 2079 et
1093 2003 1329 2079 medietatem
1349 2005 1578 2104 temporum,

452 2132 754 2208 vicissitudinum
788 2130 1105 2231 permutationes,
1139 2153 1285 2205 morum
1321 2127 1579 2220 mutationes,

452 2258 541 2334 anni
560 2283 711 2350 cursuS,
740 2257 931 2333 stellarum
950 2255 1230 2357 dispositioneS,
1250 2259 1405 2331 naturas
1428 2253 1577 2331 anima-

452 2384 569 2477 lium,
602 2385 677 2460 iras
709 2384 939 2471 bestiarum,
967 2383 1044 2459 vim
1076 2386 1301 2470 ventorum,
1330 2379 1576 2483 cogitationes

454 2509 667 2601 hominum,
688 2507 913 2585 differentias
937 2506 1199 2609 virgultorum,
1220 2507 1379 2583 virtutes
1398 2505 1580 2613 radicum,

454 2644 492 2713 et
519 2660 773 2738 quaecumque
800 2635 957 2711 caeteris
985 2637 1073 2710 sunt
1099 2636 1279 2710 absconsa
1307 2638 1345 2710 et
1362 2632 1577 2734 improvisa.

453 2764 523 2840 Est
551 2763 714 2839 enimin
742 2787 801 2838 me
829 2762 981 2865 spiritus
1010 2760 1276 2861 intelligentiae
1305 2762 1469 2854 sanctus,
1489 2761 1585 2837 uni-·

455 2915 533 2983 eus,
562 2889 769 2992 multiplex,
799 2889 957 2981 subtilis
987 2888 1160 2997 disertus,
1188 2887 1345 2981 mobilis
1375 2886 1583 2990 incoinqui-

454 3018 576 3107 natus,
597 3020 733 3108 certuS,
754 3014 893 3106 suavis
912 3013 1128 3106 benevolus,
1144 3016 1291 3105 acutus,
1305 3002 1506 3106 humanus
1519 3012 1582 3088 be

454 3138 617 3241 nignuS,
637 3137 815 3232 affabilis,
835 3164 1009 3234 securus,
1028 3165 1178 3217 omnem
1205 3140 1348 3217 habens
1376 3138 1577 3233 virtutem,

456 3264 579 3341 omnia
599 3266 838 3367 prospiciens.
858 3267 975 3342 Juxta
994 3266 1129 3343 solium
1152 3265 1243 3342 illud
1261 3265 1474 3344 Palladium
1491 3267 1582 3362 vidi,

456 3390 553 3493 quod
572 3397 654 3468 tum
673 3377 943 3492 significatum,
963 3397 1043 3469 tum
1062 3392 1139 3468 vim
1157 3391 1384 3485 insinuabat,
1405 3417 1479 3495 qua
1500 3398 1583 3471 tan·

456 3517 519 3593 diu
538 3517 669 3594 civitas
689 3518 896 3612 incolumis
916 3522 1010 3612 tuta,
1033 3522 1071 3596 et
1089 3520 1135 3595 ab
1154 3517 1323 3596 hostibus
1351 3519 1580 3623 inexpugna-

456 3641 541 3718 bilis
559 3645 788 3744 perseverat,
809 3643 971 3745 quandiu
989 3643 1201 3721 Palladium
1219 3643 1443 3721 inviolatum
1468 3642 1509 3722 in
1535 3669 1580 3722 ea

456 3769 681 3845 servabitur.
710 3769 815 3846 Haec
843 3774 899 3846 est
917 3770 1066 3870 fulgor,
1087 3774 1125 3846 et
1144 3769 1330 3847 emanatio
1348 3770 1579 3873 sapientiae,

456 3918 551 3995 quae
578 3896 690 3970 rebus
712 3894 868 3996 publicis
896 3895 1201 3971 administrandis
1229 3895 1412 3971 adsistens
1440 3893 1583 3996 potissi·

455 4043 559 4096 mum
577 4023 634 4097 est
651 4021 946 4099 munimenlam
961 4046 1050 4124 ergo
1070 4019 1102 4097 si
1121 4019 1165 4097 de
1184 4045 1322 4124 genere
1339 4019 1422 4097 eius
1442 4020 1585 4124 quaeri·

496 4286 542 4369 (1)
562 4285 612 4348 Nol
632 4290 710 4349 testo
730 4306 765 4348 oa
784 4294 801 4347 e
823 4289 953 4365 ripetuto
975 4288 1032 4351 due
1053 4288 1144 4351 volte.
