3442 5108
700 350 861 414 ..65-

217 539 399 633 fessionis,
414 540 451 614 et
465 536 636 639 principii
647 539 802 634 unitate,
813 538 905 615 nihil
924 539 1125 618 conforme.
1137 540 1223 637 Ubi,
1240 565 1346 643 prae·

218 670 391 768 terquam
404 663 436 740 si
464 662 603 740 fuerint
631 664 691 740 vel
718 665 889 742 mercede
918 665 1100 760 conducti,
1129 667 1189 743 vel
1217 665 1344 771 aliquo

213 794 388 894 jacturae
415 789 550 867 timore
568 790 784 891 compressi,
804 814 933 868 omnes
962 791 1132 868 omnibus
1160 795 1345 871 contradi-

218 921 320 1012 cunt,
349 915 451 994 solus
479 918 536 992 est
564 915 729 1017 quilibet,
748 913 910 994 alterum
929 915 1074 994 nullum
1093 918 1245 996 omnino
1264 945 1345 1023 pro·

218 1043 310 1120 bant
328 1040 478 1144 singuli,
489 1044 527 1118 et
540 1040 624 1118 ideo
648 1065 789 1134 omues,
805 1038 1051 1145 (l)omnium,
1061 1048 1210 1146 praeter
1232 1070 1346 1147 quam

218 1165 367 1269 proprio
381 1163 537 1265 judicio,
552 1163 668 1258 stulti,
680 1188 752 1265 quo
768 1163 917 1267 quidem
931 1166 1119 1267 quodnam
1136 1168 1259 1268 majus
1277 1167 1344 1245 fal·

219 1288 342 1366 sitatis
370 1288 634 1391 caecitatisque
660 1288 839 1366 indicium
867 1314 948 1366 esse
966 1290 1113 1391 potest?
1136 1289 1232 1376 Quid
1250 1293 1347 1370 dice-

220 1441 303 1493 mus
321 1415 352 1491 si
367 1439 414 1491 ex
425 1414 496 1493 hac
511 1414 585 1492 alia
599 1421 706 1517 parte
720 1413 968 1492 convincatur
983 1415 1205 1517 oppositum,
1218 1421 1346 1521 utpote

221 1543 281 1618 ubi
306 1541 629 1635 consentientium,
650 1537 709 1649 (2)
728 1540 956 1644 sequacium,
974 1540 1031 1618 vel
1050 1542 1098 1646 (si
1112 1541 1250 1648 mavis)
1269 1570 1346 1622 sec-

218 1670 401 1747 tariorum
411 1673 716 1772 supercrescente
727 1693 896 1760 numero,
907 1667 1026 1746 simile
1036 1667 1175 1771 aliquid
1186 1677 1346 1772 nequeat

221 1795 396 1887 eveniret
426 1792 572 1871 Sordidi
600 1794 778 1871 nimirum
806 1794 944 1896 ingenii
973 1798 1030 1871 est
1058 1818 1143 1871 cum
1171 1795 1347 1873 multudi-

218 1943 278 2012 ne,
308 1919 394 2022 quia
421 1920 622 1997 multitudo
651 1924 719 2012 est,
739 1919 877 1997 sentire
907 1918 1017 1997 velle:
1037 1920 1221 2021 siquidem
1240 1921 1345 2025 vulgi

218 2046 453 2150 opinionibus
482 2049 520 2123 et
548 2046 831 2124 confirmatione
858 2045 1063 2123 multorum
1095 2047 1235 2123 veritas
1269 2071 1345 2124 nou

221 2174 400 2266 variatur,
419 2198 540 2274 neque
568 2172 651 2250 ideo
670 2172 822 2250 doctum
845 2199 885 2250 se
905 2172 1089 2275 quispiam
1119 2173 1257 2251 habere
1276 2175 1345 2252 de-

220 2299 294 2391 bet,
314 2296 411 2399 quod
426 2296 511 2372 talis
531 2296 727 2372 habeatur.
749 2295 889 2371 Veiens
909 2318 998 2395 ergo
1019 2293 1161 2371 fallitur
1193 2295 1255 2397 qni
1283 2300 1343 2372 te-

222 2448 323 2500 mere
341 2422 460 2499 credit
487 2421 549 2497 ubi
577 2424 717 2497 temere
745 2420 895 2497 credere
914 2444 988 2496 uon
1008 2420 1167 2522 cogitur,
1188 2421 1249 2497 ubi
1270 2447 1345 2499 non

220 2548 299 2626 sine
335 2548 477 2625 ratione
514 2546 815 2648 adstipulandum
851 2546 1237 2637 subscribendumve,
1281 2549 1345 2624 ubi

221 2676 396 2753 scientiae
414 2679 577 2766 nostrae,
597 2678 748 2751 nostrae
767 2673 1019 2750 conscientiae
1038 2672 1163 2750 lumen
1182 2699 1258 2752 non
1272 2676 1348 2753 suf-

221 2802 402 2904 fragatur.
424 2800 516 2877 illud
545 2825 614 2901 ego
643 2801 849 2892 considero,
870 2800 964 2901 quod
993 2799 1138 2876 beatius
1166 2806 1224 2877 est
1251 2801 1345 2879 citra

219 2929 430 3031 opinionem
448 2924 506 3030 (3)
525 2926 563 3003 in
582 2927 636 3002 rei
655 2926 824 3019 veritate,
845 2951 956 3028 quam
977 2926 1071 3003 citra
1090 2926 1289 3005 veritatem
1307 2928 1346 3005 in

221 3056 391 3160 opinione
411 3079 553 3157 sapere,
565 3054 784 3157 praesertim
803 3078 889 3130 curn
908 3054 1018 3130 nimis
1035 3055 1233 3131 usuveuiat
1252 3053 1342 3131 illud

220 3181 386 3287 profiteri
404 3179 473 3286 (4),
486 3181 584 3283 quod
601 3180 694 3257 nihil
710 3180 755 3255 ad
771 3203 937 3256 errorem
951 3180 1104 3282 pronius
1114 3179 1211 3283 (ipso
1227 3181 1341 3257 etiam

221 3309 334 3411 vulgo
354 3306 601 3412 contestante)
621 3307 721 3408 vulgi
743 3307 913 3408 opinione
934 3306 1141 3383 habeatur:
1170 3331 1245 3382 non
1275 3309 1344 3382 ob·-

221 3437 343 3511 stante
362 3431 458 3533 quod
488 3455 563 3506 non
583 3429 645 3505 ubi
664 3428 709 3505 de
728 3428 887 3505 veritate
906 3427 1157 3504 definiendum
1178 3430 1247 3517 est,
1277 3427 1344 3503 sed

221 3557 282 3634 ubi
302 3556 403 3658 leges
423 3555 683 3645 instituendae,
704 3553 927 3656 religionum
959 3552 1082 3630 cultus
1111 3550 1345 3643 sanciendus

221 3688 259 3760 et
277 3709 340 3761 eas
359 3709 454 3785 quae
472 3682 519 3758 ad
537 3679 759 3783 populorum
777 3679 991 3756 convictum
1009 3677 1151 3755 faciunt
1170 3674 1348 3755 delibera·

261 3899 306 3979 (l)
319 3895 428 3962 Questa
441 3896 557 3973 virgola
571 3913 673 3955 manca
688 3896 735 3955 nel
748 3898 834 3969 testo,
847 3913 863 3954 e
878 3894 924 3953 uel
935 3892 1066 3966 Girbreu
1083 3908 1130 3952 uia
1146 3889 1236 3965 giova
1249 3906 1267 3950 a
1282 3905 1347 3948 mo-

220 4004 317 4059 strare
331 3998 385 4057 che
401 3998 563 4056 l'omnium
578 4013 616 4055 va
629 3995 823 4071 conjudieio.

256 4097 303 4177 (2)
318 4097 343 4157 Il
357 4095 481 4156 Giroror
493 4112 636 4172 correggo
650 4112 725 4172 pure
739 4095 808 4154 cosi.
823 4092 847 4152 Il
861 4095 938 4154 testo
953 4094 1001 4153 ha:
1025 4094 1284 4155 consentientem.

260 4197 305 4278 (3)
327 4197 352 4259 ll
372 4200 448 4257 testo
469 4196 524 4256 ha:
547 4197 696 4274 opionem.

261 4295 308 4380 (4)
330 4297 355 4357 Il
375 4299 452 4357 testo
472 4296 528 4357 he:
546 4296 706 4375 probiteri.
