3442 5108
883 350 1062 410 -au-

405 561 483 604 rare.
498 543 567 602 Ideo
582 541 669 619 iguis,
684 542 813 618 quantus
827 540 873 598 est
887 538 921 609 E,
940 537 1082 609 accondit,
1098 534 1259 594 secundum
1279 532 1450 593 distantiam
1472 531 1533 601 EF,

407 666 505 742 ipsum
520 666 554 738 F3
570 668 600 724 ct
611 661 696 740 ignis,
711 664 838 738 quantus
854 658 941 741 (1)D
959 654 1121 734 quadruplo
1137 653 1281 713 efficacior
1297 652 1432 710 absumet
1444 651 1477 724 E,
1493 649 1533 708 di·

408 785 518 845 stantia
534 784 596 856 ΒΕ,
609 789 639 844 et
653 785 742 862 duplo
756 784 862 844 saltem
876 781 1026 842 efficacius
1040 778 1179 839 accendet
1200 777 1235 847 F,
1246 776 1404 835 secuudum
1427 773 1477 832 DF
1493 772 1534 834 di·

410 2925 559 2986 stantiam.
575 2925 652 2985 Hinc
666 2927 775 2984 artium
790 2930 820 2984 et
835 2923 997 2983 medicinae
1011 2924 1114 2983 ductor
1129 2921 1292 2983 Calefacius
1304 2942 1356 3001 pro
1373 2925 1445 2981 urbe
1462 2940 1536 2998 qua-

410 3049 475 3105 dam
492 3047 633 3124 capienda
643 3052 838 3108 commentam
853 3047 1036 3121 excogitasse
1052 3044 1155 3106 fertur.
1169 3045 1216 3104 Ad
1232 3043 1365 3103 milliaris
1393 3040 1535 3119 (iuquit)

411 3168 614 3242 quadrantem,
629 3186 714 3243 quam
731 3167 819 3226 trium
836 3167 1005 3225 milliarium
1019 3166 1159 3225 circuitus
1174 3167 1386 3244 complectitur,
1407 3165 1472 3222 urbi
1495 3163 1533 3220 vi·

410 3288 477 3347 eiua
491 3293 536 3348 est
549 3287 646 3365 sylva,
661 3307 720 3364 qua
731 3292 794 3348 tota
808 3290 876 3365 igne
890 3289 1043 3366 flagrante,
1056 3296 1199 3367 cogentur
1209 3309 1290 3362 sane,
1301 3294 1384 3350 tauto
1399 3288 1532 3349 corninus

410 3412 495 3467 aestu
508 3409 669 3485 compulsi,
684 3409 762 3469 cives
777 3408 856 3469 ultra
868 3411 954 3469 Sarni
977 3411 1055 3490 ripas
1079 3412 1211 3490 proprias
1234 3414 1335 3471 domos
1351 3408 1531 3487 diffugiendo

410 3531 548 3590 deserere
562 3531 617 3608 (2).
1556 3495 1560 3511 ι

452 3649 527 3708 Huic
541 3667 610 3708 sane
625 3655 799 3726 argumento
813 3651 983 3711 Aristotelis
998 3653 1101 3712 horum
1115 3653 1378 3731 Peripateticorum
1392 3656 1533 3732 principis

410 3773 572 3832 authoritas
587 3773 718 3850 apprime
732 3774 920 3850 suffragatur,
936 3775 984 3850 qui
1000 3776 1057 3833 ait:
1072 3776 1094 3832 si
1111 3777 1251 3833 aeirculo
1270 3775 1328 3846 llll,
1343 3794 1460 3833 sursum
1489 3784 1533 3835 ast

410 3897 565 3956 aethereus
580 3880 656 3970 ignis
668 3895 711 3974 (3)
726 3897 788 3955 sine
803 3899 869 3970 linc3
885 3899 1032 3975 oportebit
1047 3898 1180 3957 tellurem
1197 3899 1220 3956 F
1235 3916 1339 3973 corpus
1360 3899 1486 3970 finitum,
1502 3920 1537 3957 ue

410 4021 448 4080 ad
470 4023 610 4097 temporis
624 4022 742 4098 quidem
757 4025 869 4083 instans
890 4027 993 4081 contra
1007 4021 1081 4079 adeo
1097 4021 1241 4079 intonsam
1257 4021 1435 4080 caliditatem
1453 4041 1537 4099 posse

437 4241 467 4293 (l)
478 4240 493 4282 ll
503 4249 560 4284 reste
570 4243 611 4284 liu:
627 4251 752 4295 ‘poeninon

440 4331 470 4386 (2)
481 4332 497 4374 ll
508 4340 566 4376 testo
575 4336 613 4378 ha:
625 4339 737 4389 descrere.

441 4428 471 4482 (3)
481 4427 498 4471 11
505 4432 614 4477 testoha:
625 4437 756 4480 oclacreum
766 4437 834 4489 i'pnr's.
