3442 5108
653 356 808 415 -87-

177 545 231 621 uti
261 545 387 622 docuit
414 545 534 648 primo
563 530 814 648 posteriorum
832 544 1106 622 Analiticorum
1133 544 1227 621 libro
1246 544 1309 621 in-

176 669 317 771 quiens.
333 669 419 758 Qui,
431 669 532 772 quod
546 676 667 746 omitia
688 670 904 774 triarrpnlus
923 671 1031 746 babet
1045 679 1119 746 tres
1135 670 1308 773 crapulae,

178 802 296 885 scivit,
316 798 420 899 qaod
435 797 505 891 bic,
525 803 595 900 qni
611 806 667 873 est
684 803 724 873 ia
742 797 984 890 semicirculo
1005 805 1061 872 661
1080 796 1308 900 trinepotem,

176 921 293 998 simul
318 924 502 999 inducens
524 928 704 1026 copaooit.
721 921 849 1025 Neque
869 922 925 1000 uti
944 921 1051 997 docet
1074 920 1221 1024 ubique,
1246 921 1309 999 ubi

177 1046 265 1122 dum
281 1044 729 1147 aliquiddemonstrative
749 1044 979 1147 sillogizzare
998 1045 1203 1133 contendit,
1229 1045 1310 1123 sive

178 1171 278 1248 circa
305 1170 503 1265 naturalia,
528 1170 608 1247 sive
628 1169 729 1247 circa
746 1169 886 1264 divina,
913 1196 937 1246 a
955 1170 1121 1273 physicis
1136 1170 1307 1248 terminis

177 1297 315 1401 ubique
342 1297 545 1389 abstinens,
574 1295 622 1373 ad
653 1296 941 1374 mathematicos
972 1296 1220 1373 adsumendos
1248 1297 1309 1373 de·

178 1421 357 1516 volvitur,
377 1445 450 1523 quo
463 1447 539 1500 non
558 1421 603 1499 (16
622 1421 889 1524 subjectis,sed
908 1421 954 1497 (16
972 1421 1226 1523 subjectorum
1247 1445 1309 1498 na·

177 1552 277 1636 tura,
293 1545 621 1650 contemplativam
642 1546 933 1650 speculationem
948 1570 1031 1623 esse
1049 1545 1223 1623 insinuet.
1235 1546 1309 1632 Qui

179 1673 294 1776 igitur
312 1675 357 1750 de
376 1674 514 1769 mobili,
529 1675 575 1752 de
594 1699 760 1778 corpore,
780 1673 826 1751 (16
844 1671 1019 1767 naturali,
1039 1672 1153 1750 immo
1173 1674 1218 1750 de
1232 1697 1311 1750 mo·

178 1799 312 1875 bilibus
329 1804 366 1875 61
379 1799 614 1877 naturalibus
629 1799 826 1878 scientiam
841 1825 922 1876 esse
942 1799 1082 1894 dicunt,
1092 1798 1202 1875 iidem
1227 1823 1310 1875 eam

179 1925 287 2026 ajunt
305 1949 385 2001 esse
405 1925 609 2003 secundum
637 1924 734 2027 quod
762 1927 800 2000 et
828 1927 1023 2026 quatenus,
1039 1948 1084 2000 ac
1111 1923 1143 1999 si
1171 1922 1309 2011 dicant,

181 2047 339 2150 oblique,
360 2051 608 2146 excusatorie,
627 2049 818 2142 reflexive,
838 2050 1070 2143 conversive,
1081 2049 1254 2142 mediate,
1274 2057 1311 2125 et

182 2173 430 2252 communiter
448 2176 643 2278 loquendo,
654 2174 868 2279 improprie,
882 2173 1074 2269 indirecte,
1090 2173 1310 2251 secundario

181 2302 219 2376 et
232 2325 299 2401 per
314 2300 497 2378 accidens:
509 2301 694 2405 iidemque
712 2325 787 2378 non
806 2303 896 2377 sunt
914 2298 1137 2401 philosophi,
1148 2297 1222 2374 imo
1241 2323 1312 2375 nec

181 2424 435 2528 Peripatetici,
454 2427 527 2504 nisi
546 2427 750 2505 secundum
765 2425 866 2529 quid,
883 2423 1032 2527 obliqui,
1052 2422 1310 2525 reciprocales,

182 2550 365 2646 indicenti,
388 2552 611 2647 secundarii,
637 2551 903 2646 accidentales,
932 2555 969 2627 et
997 2548 1201 2652 improprii,
1229 2573 1312 2651 pro-

184 2675 263 2780 prie
278 2682 406 2754 autem
422 2678 778 2782 captiunculatoreS,
794 2677 1034 2781 fugacissimi,
1050 2675 1311 2761 ettransvolae

182 2803 413 2908 pugiunculi.

341 3075 466 3154 IDEM
492 3077 564 3192 EX
585 3077 894 3159 CONDITIONll
913 3078 1152 3159 SUBJECTI

607 3290 887 3360 lNSlNUATUR.

237 3542 305 3619 llis
334 3545 381 3622 ad
409 3548 590 3649 majorem
613 3545 900 3625 elucidationem
927 3545 1090 3652 (quando
1122 3547 1176 3623 ita
1208 3545 1309 3623 circa

182 3667 392 3747 istiusmodi
425 3674 665 3775 quaestiones
692 3675 858 3751 fimbrias
885 3673 943 3779 (l)
961 3675 1124 3752 maxime
1155 3672 1312 3750 dilatare

187 3802 475 3892 consueverunt,
492 3799 622 3878 iisdem
641 3799 788 3902 placere
813 3801 906 3877 mihi
930 3809 1032 3878 certe
1056 3799 1212 3878 suadere
1230 3824 1312 3902 pos·

186 3915 285 4021 (sum
304 3916 430 4019 plures
449 3918 596 3998 additae
611 3919 768 4023 subjecti
784 3920 960 3997 scientiae
975 3920 1219 4010 conditiones,
1234 3917 1312 4020 qui·

183 4031 253 4123 bu's
286 4045 471 4148 designati
503 4046 671 4126 homiues
703 4048 897 4126 nobiscum
929 4046 1144 4128 Aristotelis
1180 4068 1310 4123 vocem

223 4311 316 4394 (1)ss
338 4316 414 4374 testo
436 4313 485 4375 ha:
505 4315 659 4377 aimdrrita.
