3442 5108
732 383 772 396 -
792 350 848 408 341
872 381 911 394 -

712 610 855 677 CAPUT
880 611 938 676 IV.

287 883 396 926 Tellurem
405 896 448 928 non
458 886 532 939 iringis
542 899 592 927 ense
602 885 689 929 eoelum
698 887 771 939 lunae,
782 899 847 941 iliram
860 886 911 928 luna
919 892 954 929 ost
961 883 1042 928 telluri.
1052 885 1116 932 Quae
1127 896 1141 927 a
1151 882 1214 925 nobis
1224 879 1357 931 ascendunt,

314 975 438 1018 laetioribus
448 977 596 1029 ‹lescemlu1u;
606 986 628 1019 et
637 980 669 1021 ira
678 979 792 1021 intbruuuu
802 992 853 1021 essu
863 980 946 1023 telluris
960 978 1099 1033 superficiem
1114 975 1236 1026 lunaribus,
1246 974 1304 1015 sicut
1315 984 1354 1013 no·

315 1077 349 1120 bis
361 1077 433 1121 lunae.
445 1079 549 1123 blaculus
559 1080 580 1122 iu
590 1080 643 1123 luna
652 1094 703 1123 esse
712 1079 770 1136 quml
782 1080 896 1123 reuiunens
906 1080 927 1121 iu
937 1078 1023 1130 tellure,
1034 1076 1107 1119 luceru
1115 1086 1169 1116 vero
1178 1071 1237 1128 quon
1246 1081 1315 1113 tuave.

354 1305 454 1388 Atqui
477 1309 671 1393 propositum
697 1327 822 1373 rursum
847 1312 1037 1392 repetamus,
1062 1312 1097 1372 ut
1120 1311 1244 1372 astrum

311 1433 527 1520 Quodcunque
550 1440 689 1523 excipiat
713 1439 830 1504 muuelo
853 1439 939 1505 huno
962 1441 1013 1522 (lui
1038 1436 1183 1503 ascendit
1205 1435 1246 1500 ab
1270 1435 1342 1509 isto,

312 1566 363 1630 llli
386 1566 577 1634 descendens
602 1576 687 1637 certo
711 1569 912 1656 reputabitur
935 1589 1047 1652 aeque,

313 1696 362 1761 Ac
385 1698 413 1760 si
437 1698 508 1781 quis
532 1698 684 1763 muudum
707 1719 747 1764 ex
771 1700 824 1763 illo
848 1695 1058 1784 pervenitad
1084 1696 1199 1760 istum:

313 1832 461 1919 Namque
484 1835 530 1902 ita
555 1855 613 1899 nos
637 1856 765 1901 sursum
788 1856 896 1900 sumus
922 1836 968 1911 iis,
994 1856 1032 1900 ac
1055 1834 1176 1919 fulgida
1199 1832 1303 1909 stello,

314 1962 359 2027 Ut
382 1972 458 2029 sunt
483 1965 504 2027 ii
529 1964 634 2029 notus:
659 1970 691 2031 et
715 1986 779 2030 non
804 1965 958 2031 variabile
982 1964 1063 2030 coeli

315 2091 517 2157 Praebemus
540 2095 713 2178 specimen,
737 2093 877 2158 medium
901 2093 1114 2159 retinentibus
1137 2092 1216 2163 illis:

317 2222 361 2289 Ut
384 2224 473 2289 nobis
498 2225 633 2291 inedium
657 2226 780 2291 coelum
804 2225 1018 2292 retinentibus
1042 2226 1062 2289 ii
1087 2230 1172 2288 sunt.

317 2350 382 2416 Ceu
406 2352 519 2436 sylvae
543 2374 731 2437 quacunque
756 2355 818 2418 sies
843 2359 874 2418 in
899 2360 1002 2438 parte,
1026 2352 1151 2419 videris

318 2477 365 2562 (Si
390 2502 453 2547 uon
478 2480 570 2549 finita
594 2486 750 2550 consistat
773 2484 934 2569 margine)
957 2503 1083 2568 semper

321 2611 456 2676 Arboris
481 2614 514 2676 in
538 2612 641 2677 meilia
666 2619 815 2679 truncum
838 2614 976 2679 statione
1002 2620 1119 2688 tenere,

321 2744 423 2819 Quem
448 2747 569 2810 circum
593 2752 719 2811 territum
742 2754 878 2814 currunt
902 2748 1104 2830 animalcula,
1131 2749 1245 2832 cuique

327 2878 510 2944 Conveniat
534 2882 636 2945 variis
660 2882 784 2947 vultum
809 2901 867 2966 pro
891 2881 1016 2946 casilms
1039 2902 1108 2946 esse

327 3012 538 3094 Commolum,
564 3023 599 3081 ut
623 3024 762 3081 montem
785 3015 879 3080 video
903 3013 1033 3079 variare
1056 3013 1268 3098 propinquum

327 3142 369 3207 Et
392 3144 527 3217 vultum,
552 3149 648 3227 atquc
672 3143 801 3210 babitus
825 3144 901 3207 antii
924 3164 979 3228 per
1003 3149 1163 3227 tempora;
1188 3146 1222 3204 at
1246 3137 1334 3202 illum

326 3275 469 3359 Longius
493 3274 675 3341 abstantem
699 3276 830 3339 similem
856 3293 923 3340 esse
948 3291 1005 3355 per
1029 3270 1138 3335 currilia
1160 3268 1268 3332 saecla

327 3403 503 3485 Contueor,
528 3406 579 3469 eui
604 3405 820 3490 ailproperans
844 3404 976 3470 insontis
999 3403 1085 3468 iuaui

328 3538 412 3603 Olim
438 3560 487 3603 ma
511 3540 673 3604 inveniam
696 3559 809 3604 seusus
835 3538 1038 3602 meditamine
1062 3541 1196 3602 tentum.

330 3671 356 3735 Ε
379 3670 474 3735 lunae
498 3672 627 3756 specula
651 3671 714 3735 buc
738 3671 837 3754 igitur
860 3671 886 3734 si
910 3666 1082 3734 advertere
1107 3665 1212 3731 lumen

329 3803 524 3868 Concessum
550 3799 658 3875 luerit,
682 3800 764 3883 qimd
790 3806 824 3865 tu
849 3795 1024 3863 concedere
1048 3814 1155 3880 posses

333 3930 403 4016 lpse
430 3929 484 3994 tibi
508 3931 644 4015 sapiens,
669 3931 845 4012 mentisque
869 3924 1032 4013 prolumla
1055 3924 1211 4003 revisens,

331 4059 415 4134 Qum
440 4059 551 4145 (rogo)
575 4060 785 4145 eompmunles
808 4058 894 4124 aliuil
918 4076 1014 4141 quam
1038 4054 1144 4120 lumen
1167 4058 1201 4118 et
1224 4049 1382 4124 triobrem,

333 4194 509 4280 l'lppostuin
535 4193 574 4258 ml
598 4193 698 4257 solem
721 4212 803 4276 quae
827 4190 884 4256 (lut
906 4209 1005 4268 inore,
1029 4195 1062 4255 et
1085 4186 1189 4251 insula
1212 4180 1365 4271 semperl

332 4330 455 4401 llorum
479 4328 645 4412 pennultis
669 4328 740 4394 loca
763 4332 839 4393 suut
865 4321 1027 4389 variantia
1049 4315 1141 4385 seclis
