3442 5108
773 314 953 371 -322-

335 507 411 574 Non
430 505 528 592 juvat
550 503 673 588 ingenii
695 521 826 569 cursum
847 502 1008 567 intentare
1031 520 1088 585 per
1110 499 1204 567 alasl

338 633 399 699 Eia
421 633 522 718 igitur
545 630 649 718 lingas
672 631 820 717 primum,
844 628 885 716 (si
906 629 991 695 nolle
1012 627 1108 695 fateri

335 760 467 830 Certum
492 759 565 848 est),
591 757 766 845 contingas,
789 759 928 843 inquam,
951 763 984 824 te
1005 757 1145 842 linquere
1167 759 1298 822 nostrae

334 890 470 958 Telluris
492 890 592 973 sedes,
618 895 651 956 et
674 891 764 958 recta
786 888 938 955 scandere
962 908 1075 954 versus

335 1019 522 1087 Finitimum
546 1017 642 1083 lunae
663 1037 789 1103 corpus.
813 1017 881 1082 Dic·
905 1013 1045 1100 nunquid
1066 1013 1154 1081 eunti

334 1146 479 1224 Sursum,
504 1146 544 1232 (si
567 1164 694 1210 sursum
718 1144 815 1210 liceat
836 1142 907 1227 plus
930 1141 1033 1206 dicere
1055 1137 1191 1226 forsan),

335 1276 471 1343 Accidet
493 1279 530 1342 ut
552 1293 671 1360 magno
695 1278 871 1359 consurgat
893 1288 1027 1355 corpore
1050 1266 1145 1336 tellus

335 1406 506 1493 Ampliusl
529 1405 582 1471 An
605 1406 708 1471 maior
731 1408 838 1470 terrae
861 1403 1026 1491 apparebit
1047 1399 1207 1468 horizonl

335 1529 388 1594 An
411 1547 487 1606 non,
514 1547 609 1612 quam
631 1528 768 1595 multum
792 1528 906 1594 crescit
928 1526 1094 1603 distantia,
1115 1531 1182 1590 tam
1204 1522 1241 1589 lit

336 1660 479 1726 Tenuius
505 1659 567 1726 hoc
589 1659 690 1725 oculis
713 1679 829 1746 corpus
852 1658 1024 1746 spectabile
1047 1676 1172 1734 coram,

334 1787 383 1855 Ne
406 1786 532 1855 vultum
557 1786 651 1865 illius,
676 1788 725 1877 (1)
748 1789 829 1854 coeli
853 1785 1021 1874 populetur
1043 1786 1172 1872 imag0;

334 1915 479 2002 lnplius
502 1921 539 1982 ut
562 1916 669 1981 nullus
692 1919 804 1984 veniat
825 1917 986 1984 subiectus
1008 1916 1152 1993 horizon,

335 2043 523 2112 Luminibus
549 2047 629 2112 coeli
652 2055 701 2116 est
723 2048 777 2114 ubi
800 2070 875 2135 pars
898 2051 1079 2136 expressius
1102 2052 1176 2115 acta

334 2170 454 2238 Maiori
479 2171 528 2261 (2)
551 2172 620 2239 Nec
642 2174 778 2240 multum
800 2180 849 2242 est
876 2196 956 2262 opus
978 2181 1015 2243 ut
1037 2177 1153 2244 tollare
1177 2197 1313 2263 superno

232 2333 235 2340 ·
334 2303 442 2388 Usque
466 2302 555 2381 adeo,
581 2324 643 2388 quo
666 2306 709 2371 sit
733 2306 841 2372 Tellus
864 2307 923 2373 sub
946 2308 1086 2394 imagine
1109 2308 1239 2384 Lunae;

333 2436 417 2502 Nam
440 2433 496 2501 tibi
519 2434 651 2503 distanti
672 2437 788 2502 saltem
811 2436 851 2503 ad
875 2457 933 2502 sex
956 2437 1055 2502 millia
1078 2436 1218 2522 passum,

333 2564 469 2630 Arboris
492 2567 550 2630 aut
572 2565 689 2630 montis
712 2565 832 2651 species
855 2584 920 2630 non
943 2564 1009 2630 ulla
1030 2563 1191 2655 manebit;

333 2692 396 2760 Sed
419 2691 533 2779 globus
556 2692 697 2781 obiectus
720 2697 856 2772 tantum,
880 2694 931 2760 vel
956 2691 1093 2760 circulus
1116 2693 1194 2760 atris

333 2828 510 2896 Distinctus
533 2828 676 2905 maculis,
701 2827 829 2895 obversi
852 2827 974 2915 spicula
996 2825 1072 2893 solis

333 2958 450 3033 Quales
475 2957 619 3026 admixta
641 2959 781 3026 tenebris
804 2980 877 3026 cum
899 2961 969 3028 luce
991 2961 1147 3028 colorant·

332 3085 429 3168 (Nam
452 3105 543 3151 secus
566 3087 597 3150 in
620 3085 715 3151 nubis
738 3085 873 3151 formam
896 3088 1062 3171 consurgit
1085 3106 1202 3171 opacae

333 3213 497 3282 Coelantis
519 3216 636 3283 rutilas
659 3220 810 3283 concreto
834 3234 969 3300 corpore
991 3214 1112 3294 stellas,

333 3345 396 3419 Qui
418 3364 543 3431 semper
565 3345 668 3431 magis
692 3349 788 3429 atque
811 3345 915 3430 magis
937 3351 1097 3424 tenuetur,
1121 3352 1158 3415 ut
1181 3348 1255 3417 altis

333 3470 477 3557 Amplius
501 3469 710 3557 adproprians
732 3469 914 3536 scandendo
938 3472 1124 3555 recessibus,
1148 3473 1230 3540 unde

332 3599 413 3665 Tum
437 3599 571 3680 demum,
592 3601 625 3664 in
649 3600 775 3668 stellam
799 3598 942 3666 recidens
964 3600 1112 3666 sublimia
1134 3602 1212 3668 solis

331 3727 428 3794 Atria
451 3727 660 3805 claudentem,
685 3731 851 3814 conceptet
873 3728 982 3793 munia
1005 3727 1139 3816 noctist:
1166 3731 1211 3813 (3)

333 3858 452 3944 Nempe
475 3859 514 3924 ea
529 3861 578 3946 (4)
601 3859 764 3927 subiectus
786 3858 1006 3926 tantummodo
1029 3863 1137 3944 portat
1159 3859 1304 3940 horizon,

317 4027 348 4083 (l)
364 4027 448 4076 Quaere
458 4027 545 4081 virgula
555 4038 635 4071 manca
644 4027 679 4069 nel
688 4032 754 4070 testo.

313 4121 343 4175 (2)
359 4121 551 4174 L'interrogativo
561 4133 643 4164 manca
653 4121 688 4164 nel
697 4128 762 4164 tosto.

312 4214 344 4268 (3)
359 4214 443 4263 Queat·
458 4217 569 4270 parentosi
581 4215 784 4269 messanensem
799 4229 812 4258 e
833 4217 904 4273 parmi
914 4219 951 4275 qui
961 4219 979 4262 si
990 4219 1071 4264 cbiuda
1084 4223 1158 4278 quella
1172 4233 1268 4280 segusia
1283 4228 1415 4274 cominciata
