3442 5108
779 341 957 431 ..121-

735 681 856 738 numo.
875 681 979 738 XXIV.

349 905 465 986 Nobis
495 928 571 983 non
601 906 659 982 est
690 902 916 1007 impossibile
947 902 1060 982 simul
1085 902 1271 983 infinitum
1303 905 1426 984 dicere

300 1055 447 1135 corpuS,
466 1034 505 1109 et
522 1031 647 1111 locum
664 1030 863 1136 quemdam
881 1031 1097 1135 corporibus
1117 1056 1209 1110 esse.

798 1307 922 1362 RATIO.

357 1535 490 1613 Sinon
517 1532 745 1637 superficies,
764 1534 829 1610 sed
848 1535 1013 1639 spacium
1031 1534 1216 1635 quoddam
1229 1534 1334 1615 locus
1356 1540 1426 1628 est,

299 1662 444 1740 nullum
463 1687 609 1764 corpuS,
624 1684 745 1763 neque
764 1659 840 1738 ulla
857 1687 944 1765 pars
963 1662 1129 1765 corporis
1147 1659 1299 1740 illocata
1328 1663 1426 1759 erit,

301 1789 382 1868 sive
401 1790 619 1884 maximum,
639 1788 719 1864 sive
736 1787 943 1886 minimum,
963 1792 1043 1869 sive
1056 1790 1204 1869 finitum
1218 1790 1267 1867 sit
1280 1788 1417 1893 ipsum,

298 1915 378 1993 sive
395 1916 594 1995 infinitum.

738 2189 857 2246 narro.
886 2191 976 2245 xxv.

351 2418 541 2497 Infinitum
561 2422 599 2496 et
625 2443 692 2496 nos
712 2418 885 2514 dicimus,
913 2421 1020 2522 cujus
1048 2418 1252 2498 secundum
1278 2420 1423 2522 quant'·

298 2547 415 2621 tatem
433 2543 706 2646 accipientibus
718 2568 864 2648 semper
882 2544 1019 2648 aliquid
1038 2544 1208 2646 accipere
1226 2548 1334 2621 extra
1348 2548 1418 2623 est.

298 2670 427 2772 Neque
445 2671 689 2749 abhorremus
716 2672 762 2747 ab
790 2670 862 2748 hae
891 2670 1114 2748 definitione.
1142 2668 1334 2749 Infinitum
1360 2673 1419 2748 est

302 2797 408 2898 cujus
427 2796 520 2875 nihil
538 2801 595 2875 est
613 2801 733 2876 extra:
752 2796 854 2891 item,
873 2796 934 2874 cui
951 2794 1044 2874 nihil
1063 2801 1120 2874 est
1138 2799 1257 2874 extra.

792 3072 915 3126 RATIO.

350 3298 527 3378 Omnium
537 3296 818 3400 particularium
833 3298 1099 3397 finitorumque
1127 3294 1418 3396 compositorum

163 3468 171 3480 ·
295 3423 433 3526 aliquid
455 3428 513 3501 est
531 3427 650 3500 extra:
670 3423 756 3525 quia
774 3422 812 3499 iu
831 3421 1002 3499 omuibus
1021 3422 1079 3496 esl
1093 3440 1240 3519 semper
1258 3420 1421 3521 peregri-

277 3575 386 3649 'num
404 3552 503 3653 quod
519 3549 697 3641 influit‚et
711 3553 769 3626 est
782 3549 974 3652 proprium
988 3544 1085 3649 quod
1100 3541 1229 3621 effluit.
1242 3543 1419 3622 Omnium

295 3675 575 3776 particularium
589 3673 727 3776 aliquid
742 3679 799 3750 est
813 3680 932 3767 extra,
952 3674 990 3749 et
1007 3669 1167 3773 sphaera
1184 3667 1299 3745 lolius
1314 3692 1418 3772 equa

294 3801 531 3904 participant,
551 3805 590 3879 et
607 3801 689 3878 ideo
709 3801 806 3902 quod
824 3801 863 3877 in
881 3798 972 3903 ipsis
991 3800 1065 3892 esi,
1086 3798 1168 3874 erat
1186 3798 1304 3872 extra.
1324 3796 1417 3873 lufi-

294 3927 363 4006 nili
382 3952 472 4004 vero
490 3926 584 4004 nihil
602 3933 671 4020 est,
691 3950 811 4029 neque
829 3925 911 4019 fuit,
926 3947 1045 4026 neque
1059 3920 1130 3999 erit
1144 3924 1265 3998 extra:
1281 3924 1319 3998 et
1332 3920 1416 4000 ideo

294 4052 440 4130 infinito
459 4053 528 4130 soli
547 4052 742 4146 convenit,
762 4055 805 4130 ul
823 4053 904 4154 ejus
923 4045 1016 4127 nihil
1034 4047 1084 4125 sit
1101 4051 1209 4125 extra
1228 4045 1418 4126 universa·

295 4176 397 4270 liter,
417 4176 489 4256 hoc
507 4180 565 4256 est
582 4201 704 4280 neque
722 4181 823 4271 actu,
842 4200 964 4279 noque
981 4173 1177 4276 potestate.
1248 4294 1287 4356 16
