3442 5108
698 748 820 801 RATIO.

258 975 384 1053 Motus
402 974 557 1051 diurnus
584 975 777 1054 Aristoteli
804 976 992 1079 vulgoque
1020 976 1326 1083 philosophorum

205 1101 347 1204 primus
364 1106 487 1180 motus
516 1107 584 1190 est,
604 1103 662 1181 cui
678 1106 946 1206 consequenter
964 1103 1158 1198 secundus,
1177 1106 1327 1201 tertiuS,

207 1232 243 1304 et
272 1228 443 1330 deinceps
471 1235 559 1306 sunt
578 1230 715 1308 caeteri
743 1257 766 1306 a
793 1229 946 1306 Saturni
961 1255 1078 1331 usque
1097 1233 1143 1309 ad
1156 1232 1326 1310 lunarem

207 1356 405 1457 sphaeram
424 1358 641 1461 consputati.
670 1357 764 1434 Aliis
796 1356 896 1433 ultra
922 1360 1066 1433 motum
1086 1358 1259 1435 diurnum
1285 1359 1324 1436 in

189 1472 311 1576 fixis,
337 1484 397 1562 vel
421 1497 535 1588 supra
562 1484 656 1560 fixas
675 1484 766 1560 alios
786 1489 907 1559 motus
936 1483 1177 1578 intuentibus
1197 1510 1328 1563 secun-

205 1609 287 1704 dus,
303 1611 363 1688 vel
382 1614 529 1705 tertius
541 1616 578 1688 ot
599 1610 707 1704 ultra,
723 1607 780 1714 (l)
798 1613 922 1689 motus
941 1613 999 1686 est
1016 1635 1039 1685 a
1058 1609 1216 1711 sphaera
1239 1611 1328 1686 fixa·

205 1763 301 1816 rum.
329 1740 413 1816 Jam
441 1741 503 1842 qui
531 1741 602 1817 erit
631 1740 690 1816 hic
717 1739 858 1840 primus
886 1746 1032 1827 motuS,
1051 1741 1083 1817 si
1102 1739 1163 1816 ille
1178 1740 1325 1843 aliique,

206 1865 269 1965 qui
297 1865 519 1966 generaliter
546 1866 584 1941 in
604 1865 793 1952 universo,
814 1865 919 1966 quasi
939 1864 1115 1941 continuo
1135 1890 1208 1943 uno
1228 1866 1327 1944 circa

206 1999 345 2068 terram
372 1993 558 2088 devoluto,
588 1994 825 2094 reperiuntur
853 2019 1045 2098 apparere,
1065 1995 1102 2072 in
1129 2001 1231 2072 terra
1245 1996 1326 2098 ipsa

206 2143 295 2194 verc
324 2144 405 2195 esse
443 2121 646 2222 subjective
684 2121 981 2199 convincentur?
1019 2121 1107 2198 dum
1134 2121 1253 2223 primo
1281 2121 1327 2198 ad

204 2249 277 2326 diei
304 2250 499 2351 noctisque
528 2250 628 2327 vices
658 2251 758 2327 circa
777 2251 969 2353 proprium
988 2255 1159 2327 centrum
1187 2250 1233 2325 ad
1261 2274 1326 2326 so·

204 2376 249 2453 lis
265 2377 413 2479 gemino
428 2378 658 2455 convertitur
672 2363 885 2479 adspectum
900 2374 1183 2478 hemisphaeria
1196 2400 1327 2452 secun-

205 2505 251 2580 do
270 2504 317 2580 ad
335 2529 479 2581 annuas
498 2511 736 2607 tempestates
751 2507 960 2599 variandae,
981 2507 1080 2582 circa
1099 2505 1187 2582 solis
1208 2505 1327 2608 regio

203 2660 289 2712 nem
321 2635 421 2712 intra
449 2639 570 2712 certos
598 2636 686 2713 hinc
714 2636 799 2712 inde
826 2635 965 2738 positos
994 2633 1107 2736 pclcs;
1142 2634 1252 2710 tertio
1279 2634 1326 2710 ad
1354 2694 1357 2701 .

204 2763 262 2839 sui
289 2762 403 2864 ipsius
430 2763 723 2855 renovationem,
748 2762 939 2863 velutique
961 2759 1243 2853 renascentiam,
1263 2759 1326 2837 ali·

204 2887 254 2982 bi,
282 2888 446 2990 aliosque
474 2889 606 2967 mundi
633 2889 801 2966 cardines
829 2888 1018 2989 designat,
1039 2913 1112 2990 qua
1139 2886 1250 2963 certis
1277 2887 1328 2963 di-

203 3020 364 3096 stributa
396 3020 542 3114 seculis,
571 3045 645 3097 non
672 3024 799 3096 autem
826 3020 1017 3121 perpetu0,
1042 3017 1220 3120 quaedam
1247 3017 1327 3120 ejus

204 3146 371 3222 membra
392 3147 531 3247 frigore
551 3152 734 3249 torpeant,
751 3146 825 3224 alia
842 3171 933 3224 vero
953 3146 1074 3223 calore
1093 3148 1325 3237 exaestuent,

204 3272 276 3349 alia
299 3273 612 3375 superfluentibus
633 3276 739 3352 undis
759 3277 986 3378 subjaceant,
1006 3277 1147 3376 subque
1170 3273 1327 3351 vortici-

204 3401 273 3477 bus
293 3404 509 3480 contineant
534 3409 754 3508 praeruptos
783 3407 985 3498 anfractus,
1015 3406 1195 3508 quaedam
1213 3404 1328 3481 conti-

204 3530 289 3606 nuis
308 3531 405 3608 aeris
424 3532 620 3633 apertioris
648 3536 931 3636 tempestatibus
960 3537 1207 3638 exponantur,
1226 3559 1325 3611 nunc

204 3659 285 3752 has,
299 3664 403 3737 'nunc
422 3686 513 3737 vero
533 3661 613 3738 illas
634 3664 771 3765 proprii
791 3667 956 3767 corporis
975 3671 1100 3768 partes
1115 3669 1221 3767 justa
1238 3690 1326 3767 qua·

205 3789 289 3864 dam
310 3788 610 3866 vicissitudinum
638 3791 895 3868 distributione
914 3792 1076 3869 torridae
1095 3792 1216 3868 Zonae
1244 3791 1328 3866 sub-

198 3917 392 4017 jacentes.
421 3917 700 4019 aequinoctialis
727 3918 846 3995 lineae
873 3919 1021 4021 cingulo
1040 3918 1260 4021 praecingit,
1289 3925 1327 3993 et

204 4048 363 4137 caetera,
375 4071 468 4147 quae
486 4045 585 4122 istud
600 4049 888 4149 consequuntur,
904 4047 950 4122 ad
961 4046 1120 4148 tropicos
1139 4048 1251 4146 atque
1265 4068 1329 4144 po-

203 4167 259 4245 los
278 4170 483 4247 accidentia
500 4171 557 4275 (2)
568 4172 605 4247 in
622 4171 704 4247 aliis
732 4171 886 4248 subinde
914 4170 1099 4272 conceptis
1118 4169 1156 4246 in
1176 4169 1326 4272 propria

246 4376 292 4455 (1)
307 4376 415 4442 Quosta
429 4378 543 4456 virgola
556 4397 660 4439 manca
679 4380 727 4439 nol
742 4382 829 4453 testo,
843 4400 859 4439 a
874 4380 920 4441 nel
934 4377 1065 4441 Gsrbror.

245 4479 289 4558 (⁶2)
302 4480 326 4540 Il
339 4479 462 4541 Gsrorer
472 4499 617 4560 corregge
629 4505 636 4542 :
647 4481 830 4544 accedentia.
