3442 5108
688 329 847 390 ..61-

210 526 283 602 hoc
302 524 471 625 tempore
488 546 620 598 reeens
640 524 751 598 estet
770 522 869 625 apud
888 544 951 598 eos
971 519 1033 623 qui
1051 520 1174 600 minus
1193 522 1333 600 intelli-

211 653 305 750 gunt
326 645 658 750 contemptibilior,
689 651 732 723 ut
760 646 955 747 aliquando
983 671 1058 723 non
1076 646 1204 724 habita
1223 647 1336 726 fuerit

30 766 36 775 ’
143 867 145 872 .
210 772 374 874 antiqua,
395 776 431 847 et
450 771 549 873 apud
567 774 726 848 naturae
744 794 871 846 rerum
888 768 1089 872 peritiores
1107 770 1334 872 probatissi-

210 924 282 975 ma.
303 899 422 975 Nemo
442 923 575 975 servus
594 922 667 973 non
688 921 735 971 ex
754 896 914 996 antiquis
948 896 1120 998 regmae,
1141 921 1249 974 nemo
1266 924 1331 975 re·

210 1049 300 1125 gum
328 1049 401 1100 uon
436 1050 483 1101 ex
512 1023 672 1126 antiquis
700 1022 831 1114 servis,
860 1021 1161 1124 quandoquidem
1190 1023 1241 1100 ita
1275 1050 1336 1102 res

209 1150 403 1227 bominum
440 1150 551 1250 longa
579 1153 682 1226 aetas
711 1152 822 1250 atque
849 1147 999 1226 ibrtuna
1026 1149 1238 1252 permiscet.
1267 1153 1327 1227 An

211 1301 285 1351 non
306 1275 476 1352 similiter
504 1275 604 1351 circa
631 1276 820 1366 obscuras,
851 1278 888 1350 et
915 1273 1078 1352 illustres
1097 1275 1331 1354 existimabi-

210 1428 293 1478 mus
331 1401 546 1503 opiniones?
580 1402 678 1478 Hinc
711 1401 825 1493 mihi,
859 1403 1099 1500 quantumvis
1131 1403 1170 1478 in
1209 1403 1333 1480 radice

209 1531 406 1606 obscuram
434 1534 545 1631 atque
573 1529 800 1607 salebrosam
828 1528 959 1605 faciem
996 1528 1189 1631 contingat
1224 1531 1336 1632 inspi-

209 1683 313 1746 cere,
343 1657 561 1759 probabitur
590 1661 690 1733 certe
718 1655 845 1759 planta
873 1655 981 1732 sicuti
1006 1656 1157 1732 tandem
1185 1656 1337 1732 nobilis·

209 1783 326 1859 simae
346 1783 489 1859 arboris
518 1783 725 1885 specimen,
745 1781 1019 1882 illustriumque
1038 1781 1228 1859 fruetuum
1248 1782 1337 1858 ordo

209 1907 424 2002 delitescet,
455 1914 491 1984 et
519 1909 581 1986 ubi
611 1910 655 1985 de
684 1907 875 2010 principiis
893 1905 997 1984 labor
1016 1907 1170 2001 extitit,
1199 1907 1338 1984 detine

210 2033 406 2134 gloriosior
421 2034 565 2112 fructus
585 2040 689 2111 tanto
709 2035 857 2136 quidem
877 2034 1117 2113 excellentior
1135 2035 1333 2127 habeatur,

210 2167 350 2260 quanto
370 2161 597 2260 singularius
617 2161 805 2263 quippiam
826 2161 863 2236 in
884 2162 1052 2237 veritatis
1080 2161 1214 2237 semita
1242 2186 1335 2263 per·
1376 2217 1378 2221 -

208 2308 412 2383 paucorum
441 2285 571 2360 attrita
598 2286 753 2388 pedibus
783 2285 958 2363 molimur
987 2285 1154 2362 enixius:
1185 2289 1227 2362 ut
1246 2284 1333 2361 inde

206 2409 418 2509 exoptatius
437 2416 606 2511 emergat
624 2412 721 2511 quod
740 2409 860 2511 longis
876 2411 1151 2512 majoribusque
1167 2410 1329 2487 tenebris

207 2558 424 2634 oppressum
452 2537 575 2612 suerat
601 2539 712 2637 atque
740 2536 1051 2613 circumventum.
1071 2535 1178 2618 Quod
1197 2534 1228 2609 si
1248 2534 1326 2624 ita,

207 2684 275 2735 eur
293 2659 398 2734 nobis
417 2660 509 2736 vitio
531 2665 698 2738 vertetur
716 2661 814 2762 quod
833 2662 1049 2763 augustiore
1069 2660 1207 2737 lumine
1236 2661 1330 2737 duce

207 2786 252 2859 ab
273 2785 484 2862 Aristotelis
504 2787 645 2863 familia
665 2787 893 2880 deficiamus,
914 2814 1007 2889 eque
1026 2787 1193 2890 vulgaris
1213 2787 1330 2889 philo-

206 2911 360 3012 sophiae
380 2912 497 2990 veluti
515 2916 625 2990 turba
645 2914 681 2988 in
702 2914 888 3014 quandam
907 2915 1012 3015 quasi
1028 2913 1264 2992 solitudinem
1279 2915 1331 2989 di·

205 3039 410 3130 vertamus,
430 3038 460 3113 si
481 3039 626 3139 quando
646 3038 765 3115 eidem
785 3039 977 3116 Aristoteli
996 3066 1019 3115 a
1037 3039 1195 3116 veritate
1214 3038 1328 3115 desci-

205 3161 317 3254 visse,
337 3167 450 3266 atque
470 3165 617 3267 magnis
636 3163 839 3266 sapientiae
857 3165 1074 3267 parentibus
1102 3163 1330 3264 ducibusque

206 3290 537 3388 praestantissimis
556 3293 801 3390 degenerasse
820 3295 857 3365 et
877 3289 1054 3367 defecisse
1072 3289 1177 3367 licuit
1188 3291 1201 3364 l
1222 3288 1330 3372 Quod

206 3413 237 3487 si
259 3414 401 3492 fallacis
421 3443 552 3494 sensus
572 3415 826 3519 opinionisque
847 3417 995 3509 lavore,
1025 3419 1062 3491 et
1081 3413 1245 3515 argutuli
1266 3437 1330 3488 so-

206 3536 402 3636 phismatis
430 3541 624 3625 industria,
646 3564 714 3615 nec
735 3563 809 3615 non
829 3538 1067 3616 malesuadae
1087 3537 1170 3613 fidei
1190 3534 1247 3638 (l)
1267 3535 1331 3612 im·

207 3662 407 3741 becillitate
439 3669 485 3743 ad
518 3673 586 3759 tot,
620 3671 731 3766 atque
759 3668 883 3741 tantos
913 3690 1059 3742 errores
1088 3661 1330 3739 intrudendos

206 3791 416 3890 temporum
433 3792 569 3895 injuria
589 3791 689 3867 viam
718 3789 786 3865 sibi
816 3790 963 3876 stravit,
985 3796 1021 3866 et
1040 3788 1248 3866 aedilicium
1269 3812 1331 3862 va·
1408 3855 1411 3860 .

208 3918 308 3989 stum
327 3917 448 4019 magis
468 3944 579 4021 quarn
600 3920 796 3995 robustum
816 3913 1006 4018 velutique
1037 3915 1222 4019 quoddam
1250 3939 1331 4014 pro

207 4042 459 4140 pugnaculum
488 4044 704 4150 apparavit:
725 4066 791 4118 cur
820 4066 895 4116 non
925 4045 1074 4122 credam
1105 4068 1163 4120 me
1182 4039 1330 4115 saniore

249 4267 296 4349 (1)
312 4269 337 4328 ll
349 4273 426 4327 testo
437 4266 476 4325 ba
490 4264 686 4325 malesuadis:
701 4266 721 4325 il
736 4266 859 4330 Girbrer
873 4283 955 4346 pure.
