3442 5108
668 384 850 445 -aoo-

203 532 206 537 -
235 580 315 647 Cum
333 598 436 667 grave
460 578 626 662 praeterea
642 580 737 658 atque
760 573 843 648 leve,
860 571 938 636 haee
954 568 1017 634 duo
1034 567 1191 654 principia
1207 569 1320 635 extent

236 705 333 770 Tardi
358 710 390 770 et
414 702 544 781 velocis,
569 701 672 787 major
695 698 751 765 tibi
775 698 890 763 tertius
915 714 1008 760 error

238 834 477 916 improperatus
500 830 571 905 erit,
595 828 678 911 quod
702 835 779 893 tuno
802 828 868 890 siue
893 824 955 889 fine
979 826 1079 890 uitato

236 964 398 1048 Aequetur
422 982 555 1027 currens
579 960 661 1046 quod
687 981 750 1024 uou
775 960 843 1023 siue
868 959 930 1023 fine
955 959 1089 1022 citatum
1111 960 1170 1021 est.

234 1094 317 1158 Nam
343 1093 469 1157 tardum
493 1099 525 1159 et
549 1093 646 1156 velox
670 1094 782 1178 gravis
810 1095 842 1155 et
868 1091 947 1154 levis
971 1110 1040 1153 esse
1064 1090 1252 1172 sequuntur.

234 1221 274 1285 Et
297 1222 371 1303 quia
395 1220 533 1285 couserri
558 1226 718 1304 uequeuut
741 1222 809 1285 siue
833 1219 896 1284 iiue
920 1217 1004 1303 quod
1027 1221 1131 1291 extat,

233 1351 280 1411 Ao
305 1347 388 1430 quod
414 1346 537 1412 finitum
561 1354 619 1422 est,
644 1348 721 1412 illud
750 1347 869 1414 fateare
896 1367 1023 1412 ueoesse
1047 1350 1113 1427 est,

232 1473 276 1539 Ut
299 1493 362 1537 nou
389 1472 512 1538 iiuitum
539 1475 588 1538 rel
612 1495 674 1537 uon
700 1473 886 1549 mutabitur,
912 1478 968 1538 aut
991 1475 1017 1537 si

233 1606 325 1679 Huic,
353 1606 479 1669 ratione
503 1604 619 1688 aliqua,
646 1605 806 1669 tribuatur
829 1624 922 1690 posse
939 1604 1074 1679 moveri,

231 1737 274 1802 Ut
297 1757 400 1821 grave
424 1736 559 1817 finitum,
585 1735 633 1822 (1)
657 1741 829 1802 moveatur
851 1740 994 1819 tempore
1018 1736 1155 1818 oportet.

229 1866 346 1930 Mobile
370 1868 454 1930 euim
479 1868 580 1932 ternis
604 1868 696 1931 simui
720 1868 843 1931 esseio
867 1864 1013 1951 partibus
1037 1883 1178 1947 uuquam

229 1999 302 2063 Non
327 2000 433 2082 aliqua
457 2002 577 2083 poterit
600 1998 691 2063 uobis
715 1998 840 2062 ratione
864 2017 1016 2061 suasum:

228 2127 315 2211 Ergo
338 2147 396 2191 uec
421 2129 552 2192 iustauti
577 2128 659 2211 potis
684 2131 732 2190 est
757 2125 928 2208 aliquando
952 2145 1082 2189 movere

227 2253 412 2336 Quisquam,
437 2257 642 2337 quantumvis
666 2255 787 2339 pollens
811 2256 880 2317 siue
905 2254 967 2318 riue
991 2255 1033 2320 sit
1056 2254 1119 2319 ille.

223 2377 333 2442 Omnis
359 2385 554 2465 quapropter
577 2383 626 2445 eui
651 2387 793 2465 tempore
816 2379 917 2444 fluxio
941 2378 1042 2444 obibit

224 2511 329 2595 Atque
357 2533 376 2576 a
401 2513 501 2591 finito,
526 2514 575 2600 (2)
599 2514 702 2579 veloci
725 2512 916 2598 aequabitur
939 2513 1035 2589 ultro,

223 2641 369 2725 Namque
393 2663 508 2729 operae
533 2651 582 2711 eat
606 2647 711 2711 virtus
738 2645 827 2712 finita
851 2650 886 2713 ut
909 2649 1059 2731 suppetat
1082 2644 1181 2720 omui,
1205 2642 1255 2729 (3)

221 2769 326 2836 Fiuito
356 2775 460 2857 pulsu,
486 2784 654 2852 momentu,
679 2782 711 2843 et
734 2777 873 2862 pomiere
897 2779 1021 2844 ariucto.

664 3059 813 3108 SOLUTIO.

261 3269 309 3334 Tu
335 3291 414 3334 vero
447 3273 581 3338 solidum
605 3279 741 3342 rationis
764 3279 894 3364 concipe
918 3278 1035 3345 lumen.

217 3404 362 3487 Namque
396 3406 426 3467 in
450 3425 504 3470 eos
528 3409 665 3490 primum
686 3408 842 3495 jacularis
867 3411 976 3476 inania
1000 3411 1102 3477 verba

216 3532 282 3595 Per
313 3532 481 3598 discrimen
508 3537 576 3623 ejus
601 3538 684 3621 quoe
708 3559 837 3603 sursum
860 3548 909 3606 est
932 3545 1026 3623 atque
1050 3542 1210 3622 deorsum,

218 3662 319 3735 Quale
348 3667 445 3729 ullum
470 3687 532 3732 uou
557 3673 605 3732 ost
629 3670 819 3753 ponentibus
844 3671 905 3735 hoo
927 3675 993 3737 siue
1019 3674 1090 3739 fine.

217 3793 301 3867 Quid
324 3797 470 3874 aredium,
495 3800 610 3883 quidve
634 3809 813 3868 extremum
837 3805 1024 3885 praesumis,
1049 3814 1082 3874 et
1105 3808 1193 3874 bisce

201 4010 232 4063 (l)
245 4012 328 4058 eroatu
339 4012 425 4063 rii-prola
433 4027 519 4058 manca:
536 4016 580 4059 l'bo
591 4031 664 4062 measa
674 4021 754 4074 perebo
769 4021 782 4061 ii
796 4033 862 4065 senso
876 4024 899 4064 b:
917 4030 1004 4078 oportet
1015 4032 1137 4070 ruoreutur
1146 4034 1257 4084 ternpore,
1268 4038 1296 4075 ot

170 4116 242 4154 prrrrr
252 4110 352 4154 linitum,
365 4110 487 4153 altrimenti
497 4113 515 4154 ui
524 4113 617 4156 sarebbe
625 4124 701 4170 poturo
712 4117 839 4160 intonuere:
850 4126 938 4173 oportet
950 4128 974 4161 ur
983 4134 1055 4174 prore
1063 4126 1158 4171 liuitwu
1169 4134 1292 4169 uror-futur

172 4203 288 4251 nequire:
300 4203 340 4241 rire
351 4217 392 4244 nou
403 4205 800 4259 avium·perraro1'iuconvenienro.
812 4224 827 4253 a
836 4213 872 4253 rui
883 4213 901 4254 ui
912 4213 977 4255 virolo
988 4214 1086 4258 summo
1097 4217 1254 4261 ravi-ursario.

199 4293 229 4343 (ι’)
239 4294 273 4339 Qu
282 4302 325 4335 ¹sta
339 4296 429 4348 riegola
440 4302 641 4355 praememorato,
654 4304 680 4346 eii
691 4310 703 4344 u
714 4309 855 4359 necessum,
869 4310 952 4364 perebo
962 4313 1034 4354 rrlocr'
1045 4326 1075 4355 ra
1088 4326 1130 4357 cuu
1146 4318 1297 4369 aequabitur·

197 4384 227 4435 (13)
240 4385 321 4429 Qrwsra
333 4387 418 4436 vitrola
429 4404 508 4434 marica
519 4393 554 4436 uei
570 4404 641 4438 tosto:
659 4398 672 4440 Γ
683 4400 710 4442 bo
724 4413 811 4455 rimam,
827 4402 909 4456 porobb
925 4405 995 4458 parmi
1008 4405 1096 4451 dovorai
1111 4408 1225 4453 iutoudoro
1236 4414 1294 4455 cort:

173 4488 275 4532 nonque
286 4487 320 4523 es!
329 4486 405 4528 obruo
412 4488 490 4541 finito,
501 4496 526 4534 ut
536 4501 645 4548 suppetat
653 4498 719 4540 oront
724 4509 815 4553 operae,
825 4500 893 4547 {tutto
907 4502 1030 4554 porricere.
