3442 5108
446 913 524 989 Cur
544 911 634 988 latio
650 913 806 989 caeteris
822 916 983 994 metilius
1000 918 1100 1020 prior
1115 917 1198 1010 erit,
1209 915 1240 992 si
1256 917 1310 993 ita
1328 942 1367 993 se
1383 919 1521 996 habent

392 1041 526 1118 mobile
556 1045 667 1142 atque
695 1047 844 1132 motuS,
872 1049 915 1120 ut
938 1047 1031 1122 nihil
1058 1046 1201 1122 moveri
1232 1045 1403 1147 incipiat,
1423 1052 1520 1148 post

393 1191 505 1268 quam
522 1192 596 1242 non
615 1171 847 1263 movebatur,
867 1174 937 1250 nisi
953 1183 1053 1253 certe
1066 1200 1205 1253 novam
1220 1176 1382 1278 aliquam
1400 1175 1520 1277 dispo·

393 1296 564 1372 sitionem
594 1296 845 1397 acquisiverit,
868 1328 940 1403 quo
969 1302 1056 1379 illuc
1083 1303 1171 1379 hinc
1190 1302 1325 1378 deferri
1353 1302 1517 1404 incipiat.

393 1422 503 1498 blitto
518 1423 628 1524 quod,
644 1425 781 1500 mundo
802 1427 986 1504 existente
1006 1433 1170 1522 aeterne,
1185 1453 1259 1504 non
1279 1431 1403 1529 potest
1415 1426 1517 1528 prius

393 1552 613 1629 naturaliter
650 1578 731 1631 esse
760 1555 844 1631 coeli
872 1561 1008 1651 motus,
1038 1582 1150 1660 quam
1178 1555 1349 1632 alteratio
1374 1577 1516 1643 eorum,

394 1709 489 1786 quac
508 1710 530 1758 3
545 1683 628 1769 coeli
644 1690 748 1761 motu
764 1686 1032 1787 gubernantur.
1048 1685 1200 1763 Nullum
1219 1684 1366 1787 quippe,
1377 1683 1430 1758 ita
1444 1682 1519 1784 opi-

393 1813 568 1890 nantibus
583 1818 620 1889 et
634 1815 727 1906 aliis,
743 1815 885 1891 instans
905 1842 987 1892 esse
1002 1819 1135 1916 potest,
1151 1814 1189 1888 in
1204 1837 1276 1914 quo
1296 1835 1369 1886 non
1393 1809 1516 1886 conti-

392 1968 469 2019 nua
489 1969 615 2020 rerum
634 1946 792 2022 mutatio
812 1950 1038 2047 perseveret.
1060 1942 1167 2026 Quod
1192 1941 1222 2015 si
1246 1940 1293 2016 ad
1320 1962 1395 2014 non
1415 1939 1516 2039 prius

393 2077 559 2173 tempore
579 2073 638 2149 161
662 2073 868 2166 duratione,
894 2075 957 2151 sed
985 2075 1033 2150 ad
1052 2073 1155 2176 prius
1180 2074 1316 2147 natura
1347 2074 1517 2145 recurrat

393 2201 605 2278 Aristotelis
624 2204 778 2296 mentio,
798 2229 865 2280 nos
880 2228 1039 2305 quoque,
1056 2201 1270 2304 priusquam
1285 2195 1421 2297 aliquid
1441 2221 1517 2272 mo·

393 2332 527 2405 veatur
541 2330 727 2425 localiter,
747 2357 884 2408 novam
903 2335 1039 2407 natura
1058 2328 1339 2432 praecedentem
1367 2324 1517 2428 disposi-

392 2457 544 2552 tionem,
564 2461 624 2537 vel
643 2462 688 2537 ab
707 2461 918 2538 extrinseco
947 2456 1127 2537 efficiente
1156 2483 1222 2533 seu
1241 2458 1427 2546 movente,
1455 2452 1516 2529 161

394 2589 439 2663 ab
468 2587 591 2690 aliqua
619 2589 840 2667 intrinsecus
871 2591 907 2666 in
928 2591 1094 2691 subjecto
1122 2585 1248 2664 mobili
1276 2582 1515 2660 innovatione

393 2719 569 2796 imbuisse
585 2727 754 2824 oportere
769 2720 1080 2799 asseveravimus.
1097 2720 1173 2799 Cur
1192 2719 1291 2796 enim
1310 2740 1411 2793 nunc
1430 2739 1514 2790 mo-

393 2844 473 2920 veri
489 2829 631 2948 incipit,
652 2873 735 2922 cum
757 2848 859 2949 prius
874 2872 947 2921 non
977 2849 1204 2937 moveretur,
1224 2845 1253 2920 si
1275 2842 1348 2920 alia
1366 2839 1515 2917 novitas

393 2969 517 3070 aliqua
531 2996 604 3047 non
619 2972 708 3048 illud
728 2972 931 3048 adalteratl

831 3250 951 3302 ARTlC.
972 3251 1083 3302 XLVII.

445 3482 705 3562 Necessarium
721 3485 777 3557 est
796 3482 943 3561 lationis
959 3484 1244 3562 continuitatem
1268 3480 1362 3558 alius
1390 3486 1515 3558 motus

392 3611 678 3689 continuitatem
698 3610 894 3712 consequi:
912 3637 979 3687 cur
1001 3612 1118 3714 igitur
1136 3609 1231 3686 dixit
1249 3613 1398 3711 praeter
1411 3607 1517 3684 latio·

391 3766 478 3819 nem
493 3741 608 3818 alium
626 3743 769 3817 motum
787 3766 863 3817 non
887 3765 967 3818 esse
982 3738 1225 3817 continuant
1240 3735 1338 3840 (etde
1356 3733 1420 3810 61.
1436 3733 1517 3838 73.)

392 3869 469 3946 Nos
488 3893 579 3945 vero
597 3867 679 3944 ideo
695 3866 911 3944 continuam
926 3865 1084 3942 dicimus
1098 3863 1288 3954 lationem,
1303 3863 1346 3936 ut
1360 3859 1422 3936 alii
1440 3885 1517 3936 mo·

392 3999 452 4070 tus
466 4019 532 4097 per
550 4018 635 4071 eam
649 3991 925 4069 continuentur.
