3442 5108
711 665 833 718 RATIO.

266 890 352 967 ldeo
372 875 461 964 sane
479 893 536 964 est
550 894 688 982 motus,
709 897 749 968 ut
768 892 1053 994 generatio-seu
1073 893 1335 975 alterationum

214 1015 431 1092 vicissitudo
450 1015 698 1118 compleatur3
719 1018 871 1095 minime
890 1023 1017 1095 autem
1036 1044 1080 1096 ea
1104 1022 1248 1100 ratione
1275 1051 1336 1126 ge

211 1142 356 1219 neratio
376 1141 621 1244 alteratioque
640 1149 707 1237 est,
724 1151 765 1220 ut
779 1144 908 1221 localis
929 1151 1052 1222 motus
1073 1154 1333 1250 consequatur.

209 1267 295 1345 ldeo
311 1275 367 1345 est
385 1273 520 1362 motus,
537 1273 578 1345 ut
597 1295 652 1362 ea,
664 1295 759 1371 quae
787 1275 875 1346 sunt
890 1271 1106 1371 composita,
1123 1279 1333 1368 sorrentum

211 1403 248 1471 et
262 1396 546 1472 omninomotus
562 1396 681 1472 omnis
693 1399 738 1473 ab
758 1377 964 1497 indigentia
982 1397 1108 1498 aliqua
1127 1399 1332 1476 derivatur.

212 1521 320 1604 Quod
344 1523 444 1599 enim
472 1524 723 1626 omnicompos
747 1529 816 1619 est,
836 1526 1010 1627 nulloque
1043 1527 1199 1627 indiget,
1222 1535 1263 1604 ut
1283 1530 1333 1605 illi

210 1650 369 1725 addatur
388 1652 625 1753 accedatque‚
645 1677 720 1729 non
740 1659 796 1730 est
815 1655 912 1756 quod
931 1661 1138 1732 moveatur.
1161 1658 1251 1734 Tale
1272 1685 1335 1735 au·

210 1779 286 1852 tem
306 1777 350 1853 de
370 1778 586 1878 corporibus
619 1781 919 1874 subsistentibus,
948 1783 1234 1886 viventibusque
1253 1784 1334 1872 nul-

210 1903 288 1981 lum
312 1908 379 1980 est.
413 1904 452 1980 Si
484 1905 599 2007 igitur
626 1931 816 2008 nunquam
840 1909 980 1986 frustra
1013 1912 1164 1988 celeste
1196 1939 1332 2014 corpus

210 2037 397 2127 movetur,
417 2034 594 2112 nimirum
609 2041 732 2113 motus
753 2039 832 2138 ejus
852 2039 1137 2115 continuitatem
1155 2040 1335 2116 continui-

209 2164 267 2237 tas
300 2162 373 2238 alia
400 2167 579 2264 perpetuo
608 2164 892 2240 concomitatur.
923 2166 1042 2241 Porro
1085 2166 1334 2242 consideravit

210 2291 430 2367 Aristoteles
450 2291 488 2367 in
506 2292 792 2392 particularibus
812 2293 1044 2392 quilursdam,
1062 2318 1156 2393 quae
1185 2318 1335 2368 moven-

211 2421 272 2493 tur
292 2418 338 2493 ad
358 2443 496 2494 novam
516 2418 815 2520 generationem,
835 2418 1034 2519 exquibus
1059 2443 1144 2493 eum
1165 2418 1332 2519 genitum

212 2545 325 2620 luerit
344 2545 544 2646 quippiam,
566 2546 782 2648 quiescunt3
805 2573 900 2649 quae
920 2548 966 2622 ad
986 2548 1231 2648 quantitatem
1259 2574 1335 2625 mo-

212 2677 360 2763 ventur,
390 2672 453 2748 ubi
481 2673 642 2748 adaucta
669 2673 938 2776 imminutaque
958 2674 1105 2767 suerint,
1135 2699 1208 2750 non
1237 2674 1334 2751 ultra

213 2801 514 2904 progrediuntur3
534 2805 574 2879 at
589 2829 635 2879 ex
650 2803 784 2878 talibus
798 2829 875 2879 non
889 2802 1045 2879 debebat
1060 2828 1178 2905 neque
1188 2807 1335 2905 poterat

212 2932 303 3008 illud
322 2931 458 3008 inferre
475 2932 696 3024 universale,
717 2957 789 3035 quo
809 2937 993 3009 assereret
1013 2957 1125 3008 unam
1144 2933 1335 3033 solamque

211 3063 387 3139 lationem
415 3062 459 3138 de
486 3065 611 3137 motus
636 3062 828 3163 speciebus
856 3087 937 3137 esse
966 3061 1193 3137 continuam.
1222 3063 1335 3136 Astra

198 3189 313 3283 ,enim
332 3188 467 3279 omnia,
480 3190 520 3262 ut
535 3185 644 3262 tellus
659 3193 697 3262 et
714 3185 816 3280 luna,
828 3212 922 3290 quae
933 3188 1132 3290 praecipua
1147 3189 1334 3265 mundana

213 3325 301 3396 sunt
321 3342 489 3418 corpora,
514 3341 561 3392 ne
580 3314 720 3390 instans
749 3315 895 3417 quidem
924 3318 1174 3416 praetereunt,
1195 3315 1233 3390 in
1261 3341 1333 3417 quo

214 3472 289 3524 non
309 3447 422 3525 etiarn
442 3445 659 3536 alterentur;
679 3444 849 3520 similiter
859 3447 896 3519 et
912 3441 1163 3544 particularia.
1181 3468 1275 3544 quae
1296 3443 1334 3519 in

214 3578 304 3680 ipsis
324 3576 575 3677 reperiuntur,
600 3575 791 3674 subjecta,
820 3573 858 3647 in
887 3571 1020 3674 quibus
1054 3574 1204 3646 nonest
1236 3571 1333 3671 quod

212 3732 338 3799 unam,
354 3709 569 3806 certamque
589 3700 772 3784 motionis,
785 3698 1065 3776 alterationisve
1081 3697 1241 3799 speciem
1257 3723 1336 3798 spe·

210 3841 299 3925 ates,
315 3832 380 3909 sed
396 3828 642 3906 communiter
656 3826 915 3903 alterationem
936 3829 972 3901 et
987 3822 1244 3900 nurtationem.
1263 3822 1333 3896 l'bi

211 3987 300 4037 vero
330 3956 550 4036 universalis
577 3953 778 4058 propositio
808 3953 1003 4028 formanda
1021 3955 1099 4042 est,
1128 3975 1203 4025 non
1224 3949 1336 4049 respi-

210 4112 294 4162 cere
313 4087 487 4161 debemus
503 4083 548 4158 ad
567 4084 639 4157 hoc
659 4079 903 4183 compositum
920 4077 1102 4153 divisibile
1126 4101 1190 4151 seu
1212 4075 1333 4151 disso-

211 4214 338 4306 lubile,
350 4214 396 4289 ad
412 4214 482 4288 boo
500 4210 810 4302 individurrrrr‚se(l
823 4210 868 4286 ad
884 4210 1003 4312 ipsam
1019 4210 1223 4310 subjectam
1234 4207 1333 4310 phy-

210 4342 398 4443 sicamque
418 4340 636 4418 materiam.
669 4363 762 4439 quar
790 4339 1032 4415 nibilominus
1065 4338 1238 4416 continuo
1267 4339 1334 4414 sub
