3442 5108
658 363 660 370 J
745 275 925 333 »276-

327 459 496 527 Virtutem
520 458 619 525 saciat
642 458 675 525 vi
700 478 770 522 cum
793 457 934 543 patiente
958 457 1070 521 coiret

330 589 471 656 Proinde
495 589 653 655 infinitum
681 592 800 677 duplex
824 591 899 656 hinc
922 590 1055 674 indeque
1078 609 1195 675 ponaS,

332 715 425 783 Actio
451 719 601 783 nimirum
625 720 757 784 existis
782 740 846 784 non
871 719 935 783 ulla
959 724 1118 802 sequetur.

331 846 416 909 Nam
438 844 554 910 infiniti
578 846 787 931 complebitur
810 848 892 912 actio
917 868 1080 930 nunquam

337 974 458 1040 Contra
482 975 652 1058 infinitum,
678 998 779 1061 neque
804 978 1007 1064 principiatio
1032 976 1106 1053 fiet;

334 1103 418 1169 Nam
443 1112 598 1189 quantum
622 1106 683 1170 hoc
706 1112 809 1192 urget,
834 1111 961 1173 tantum
986 1111 1099 1170 contra
1113 1103 1160 1190 (l)
1177 1107 1243 1169 stat
1255 1107 1287 1169 et
1311 1103 1399 1167 illud.

331 1234 506 1311 lmmensia
531 1237 671 1319 inquam,
696 1238 721 1300 si
747 1257 852 1302 rerum
875 1257 999 1302 summa
1023 1236 1146 1301 duobus

334 1360 498 1430 Consistat
521 1367 641 1448 primis,
666 1386 747 1449 quae
770 1372 847 1433 sunt
870 1367 1046 1442 contraria,
1062 1370 1149 1430 certe

338 1503 491 1588 Gignitur
514 1505 571 1566 aut
594 1502 740 1577 nihilum,
765 1503 840 1584 quia
863 1501 902 1564 lis
926 1500 1109 1564 dominatur
1133 1516 1242 1561 avara:

338 1635 462 1718 Nempe
486 1655 504 1698 e
528 1633 684 1699 distinctis
708 1634 743 1696 iis
768 1635 852 1698 actio
876 1631 964 1695 nulla
987 1635 1138 1713 sequetur

336 1769 516 1833 Tantarum
542 1765 582 1830 acl
606 1765 727 1850 prolem
752 1764 948 1847 usqueadeo
973 1762 1100 1848 dignam
1125 1760 1313 1845 specierum,

337 1897 453 1963 Altero
479 1896 518 1960 ab
543 1896 676 1961 alterius
701 1893 831 1978 depulso
856 1891 971 1956 tinibus
995 1910 1103 1974 aeque.
1130 1887 1177 1971 (2)

338 2029 382 2093 nt
407 2046 486 2091 vero
509 2027 535 2089 si
562 2024 645 2090 sorte
668 2025 771 2111 locum
796 2022 876 2086 levis
901 2024 1033 2103 occupet
1057 2018 1143 2095 illud;

338 2157 430 2231 Quod
456 2177 567 2242 graue3
593 2158 681 2239 sique
705 2156 813 2239 gravis
837 2155 916 2218 leve:
941 2159 1017 2218 tunc
1042 2155 1194 2216 immensa
1221 2155 1362 2235 potestas

338 2284 528 2367 notaeque
553 2283 744 2349 alterutrum
768 2284 925 2364 penetrat,
943 2279 995 2343 vel
1020 2279 1105 2343 sistit
1129 2279 1292 2359 utrinque3

338 2407 423 2473 Nam
448 2412 504 2472 aut
529 2427 588 2491 par
612 2405 770 2471 obsistens
796 2409 844 2469 est
867 2403 954 2480 hinc,
979 2403 1126 2484 illincque
1151 2403 1327 2477 resistens,

337 2535 405 2602 Aut
429 2538 554 2601 tantum
578 2534 759 2609 herilium,
785 2532 859 2597 illud
883 2533 1054 2617 superatur
1078 2537 1110 2596 et
1133 2531 1236 2595 istinc.

334 2708 445 2772 Quarto
467 2723 518 2782 per
540 2721 639 2762 omncs
668 2702 837 2762 mutationis
866 2702 978 2778 species
1000 2707 1241 2778 argumentatur,
1264 2718 1416 2760 assumens

295 2829 468 2905 principium
484 2829 560 2905 quod
582 2828 809 2887 omnismutatio
831 2832 876 2886 o‘st
896 2829 925 2886 in
946 2827 1195 2904 temp01·e.Ornno
1217 2828 1291 2902 quod
1307 2829 1337 2884 in
1349 2832 1421 2884 torn·

294 2940 363 3025 pore
384 2950 516 3038 mutatur
530 2952 575 3006 est
589 2946 713 3006 finitum.
729 2947 773 3005 Sit
787 2965 857 3022 ongo
869 2948 905 3006 ab
920 2946 1032 3006 infinito
1048 2947 1221 3006 calefactum
1236 2947 1355 3023 aliquid,
1371 2948 1419 3005 rel

294 3075 419 3149 pulsum,
440 3072 490 3130 vel
511 3071 568 3131 alio
591 3090 763 3148 quocunque
783 3091 900 3148 passum
922 3074 1017 3131 modo:
1039 3077 1069 3131 et
1090 3091 1157 3131 cum
1179 3073 1273 3131 omnis
1294 3072 1418 3131 mutatio

294 3195 334 3254 sit
354 3196 390 3253 de
410 3194 535 3254 termino
557 3194 586 3253 in
608 3195 775 3265 terminum,
796 3196 913 3271 oportet
934 3211 998 3252 eam
1019 3194 1048 3252 in
1071 3193 1189 3252 definito
1204 3194 1329 3269 quodam
1352 3213 1417 3253 osso

222 3332 225 3337 ’
294 3316 436 3390 tempore:
458 3314 497 3373 sit
518 3318 632 3391 tempus
654 3315 726 3373 illud
748 3313 901 3393 (annus),
925 3333 981 3389 quo
1003 3314 1099 3371 minus
1120 3319 1164 3372 est
1185 3315 1313 3372 mensis:
1343 3315 1420 3372 hunc

296 3433 442 3506 effectum,
457 3434 507 3509 qui
528 3436 574 3492 est
594 3433 704 3506 finitus,
725 3435 833 3491 habere
854 3437 970 3509 oportet
994 3433 1211 3510 proportionem
1236 3434 1273 3491 ad
1295 3432 1421 3510 aliquem

296 3554 448 3627 ellectum,
469 3556 569 3632 quiin
591 3562 674 3634 parte
694 3557 779 3617 istius
800 3557 940 3632 temporis
961 3556 1106 3632 promitur
1127 3556 1164 3612 ab
1185 3561 1292 3630 agento
1312 3556 1419 3613 finito:

296 3675 404 3733 habeat
424 3693 493 3750 orgo
516 3677 548 3732 ut
568 3677 606 3733 sit
627 3677 790 3752 quadruplo
811 3674 914 3748 majam
929 3674 1061 3748 sequitur
1084 3673 1240 3744 nimirum,
1257 3672 1332 3746 quod
1348 3690 1419 3746 qua·

297 3789 462 3867 drnplicata
483 3793 593 3852 virtute
615 3792 693 3853 illius
715 3794 788 3852 finiti
811 3794 934 3868 agentia
957 3792 1005 3847 vol
1026 3794 1132 3865 agento
1148 3789 1230 3846 linito
1253 3790 1419 3865 qumlroplo

297 3908 419 3986 majoris
440 3910 560 3971 virtutis
573 3908 651 3971 idem
663 3915 787 3990 possita
808 3914 890 3972 finito
906 3910 1025 3988 produci
1040 3909 1172 3980 clscctus,
1188 3910 1237 3984 qui
1253 3910 1289 3967 ab
1304 3910 1420 3966 intinito

298 4029 460 4105 productus
482 4035 528 4090 est
548 4032 663 4109 aequali
683 4037 825 4111 tempore.
839 4033 974 4100 Quinimo
1000 4050 1057 4089 non
1079 4034 1125 4090 ost
1139 4047 1221 4106 opus,
1243 4032 1275 4086 nt
1297 4027 1422 4085 multum

332 4196 362 4250 (l)
374 4197 412 4238 Nol
425 4204 484 4239 testo
496 4205 625 4240 coaelroslul
635 4201 647 4239 d
657 4200 716 4240 unito
726 4199 747 4240 iu
756 4211 799 4240 unci
810 4199 886 4252 parola
896 4196 953 4238 sola.
964 4193 1014 4237 <fusi
1026 4207 1064 4234 usa
1077 4193 1097 4233 ui
1107 4190 1217 4232 scrirorla
1228 4203 1322 4242 seuque.

332 4288 362 4340 (⁴2)
375 4288 408 4330 La
418 4291 594 4343 pumepgiutura
604 4291 624 4333 di
635 4301 713 4346 (presio
723 4291 813 4345 periodo
822 4294 834 4331 i·
843 4298 904 4332 stuta
914 4298 973 4332 tuna
985 4300 1059 4328 uuusa
1069 4286 1098 4326 «la
1108 4299 1150 4333 ure,
1164 4282 1320 4336 spc‹·inlrueutc
1337 4283 1371 4322 uo'
1383 4284 1424 4336 prl-

300 4381 328 4422 mi
338 4386 372 4423 tro
383 4384 451 4436 versi,
460 4383 518 4427 dove
527 4386 562 4428 uel
570 4394 628 4429 teuto
638 4402 718 4433 manca
725 4389 812 4431 anaim.
