<?xml version="1.0" encoding="UTF-8"?>
<!DOCTYPE html PUBLIC "-//W3C//DTD XHTML 1.0 Transitional//EN"
    "http://www.w3.org/TR/xhtml1/DTD/xhtml1-transitional.dtd">
<html xmlns="http://www.w3.org/1999/xhtml" xml:lang="en" lang="en">
 <head>
  <title>
</title>
<meta http-equiv="Content-Type" content="text/html;charset=utf-8" />
  <meta name='ocr-system' content='tesseract 3.04.00' />
  <meta name='ocr-capabilities' content='ocr_page ocr_carea ocr_par ocr_line ocrx_word'/>
</head>
<body>
  <div class='ocr_page' id='page_1' title='image "./jordanibruninol04brungoog_0307.png"; bbox 0 0 3442 5108; ppageno 0'>
   <div class='ocr_carea' id='block_1_1' title="bbox 719 373 901 435">
    <p class='ocr_par' dir='ltr' id='par_1_1' title="bbox 719 373 901 435">
     <span class='ocr_line' id='line_1_1' title="bbox 719 373 901 435; baseline -0.011 0"><span class='ocrx_word' id='word_1_1' title='bbox 719 373 901 435; x_wconf 86' lang='lat'>-260-</span> 
     </span>
    </p>
   </div>
   <div class='ocr_carea' id='block_1_2' title="bbox 301 551 1104 771">
    <p class='ocr_par' dir='ltr' id='par_1_2' title="bbox 301 551 1104 771">
     <span class='ocr_line' id='line_1_2' title="bbox 301 551 1104 640; baseline 0 -22"><span class='ocrx_word' id='word_1_2' title='bbox 301 553 472 638; x_wconf 84' lang='lat' dir='ltr'><strong>Principiis</strong></span> <span class='ocrx_word' id='word_1_3' title='bbox 495 553 609 619; x_wconf 82' lang='lat' dir='ltr'><strong>haeres</strong></span> <span class='ocrx_word' id='word_1_4' title='bbox 631 555 780 640; x_wconf 69' lang='lat' dir='ltr'><strong>propriis</strong></span> <span class='ocrx_word' id='word_1_5' title='bbox 804 555 926 639; x_wconf 89' lang='lat' dir='ltr'><strong>illisque</strong></span> <span class='ocrx_word' id='word_1_6' title='bbox 950 551 1104 640; x_wconf 81' lang='lat' dir='ltr'><strong>negatisl</strong></span> 
     </span>
     <span class='ocr_line' id='line_1_3' title="bbox 302 681 1068 771; baseline 0.007 -24"><span class='ocrx_word' id='word_1_7' title='bbox 302 681 373 748; x_wconf 92' lang='lat' dir='ltr'><strong>Hoc</strong></span> <span class='ocrx_word' id='word_1_8' title='bbox 396 686 446 749; x_wconf 88' lang='lat' dir='ltr'><strong>est</strong></span> <span class='ocrx_word' id='word_1_9' title='bbox 468 682 631 767; x_wconf 82' lang='lat' dir='ltr'><strong>principiis</strong></span> <span class='ocrx_word' id='word_1_10' title='bbox 655 682 823 749; x_wconf 88' lang='lat' dir='ltr'><strong>ostendere</strong></span> <span class='ocrx_word' id='word_1_11' title='bbox 848 684 928 750; x_wconf 90' lang='lat' dir='ltr'><strong>velle</strong></span> <span class='ocrx_word' id='word_1_12' title='bbox 951 688 1068 771; x_wconf 83' lang='lat' dir='ltr'><strong>petitis.</strong></span> 
     </span>
    </p>
   </div>
   <div class='ocr_carea' id='block_1_3' title="bbox 301 809 1202 905">
    <p class='ocr_par' dir='ltr' id='par_1_3' title="bbox 301 809 1202 905">
     <span class='ocr_line' id='line_1_4' title="bbox 301 809 1202 905; baseline 0.011 -28"><span class='ocrx_word' id='word_1_13' title='bbox 301 812 388 896; x_wconf 85' lang='lat' dir='ltr'><strong>Ergo</strong></span> <span class='ocrx_word' id='word_1_14' title='bbox 411 831 472 898; x_wconf 83' lang='lat' dir='ltr'><strong>age</strong></span> <span class='ocrx_word' id='word_1_15' title='bbox 494 813 643 898; x_wconf 89' lang='lat' dir='ltr'><strong>respires,</strong></span> <span class='ocrx_word' id='word_1_16' title='bbox 655 817 689 880; x_wconf 90' lang='lat' dir='ltr'><strong>et</strong></span> <span class='ocrx_word' id='word_1_17' title='bbox 710 809 822 888; x_wconf 88' lang='lat' dir='ltr'><strong>nostra</strong></span> <span class='ocrx_word' id='word_1_18' title='bbox 846 814 928 882; x_wconf 91' lang='lat' dir='ltr'><strong>haec</strong></span> <span class='ocrx_word' id='word_1_19' title='bbox 952 819 1083 905; x_wconf 83' lang='lat' dir='ltr'><strong>concipe</strong></span> <span class='ocrx_word' id='word_1_20' title='bbox 1106 820 1202 898; x_wconf 90' lang='lat' dir='ltr'><strong>dicta,</strong></span> 
     </span>
    </p>
   </div>
   <div class='ocr_carea' id='block_1_4' title="bbox 298 942 1322 2711">
    <p class='ocr_par' dir='ltr' id='par_1_4' title="bbox 298 942 1322 1549">
     <span class='ocr_line' id='line_1_5' title="bbox 299 942 1138 1029; baseline 0.007 -21"><span class='ocrx_word' id='word_1_21' title='bbox 299 942 345 1011; x_wconf 89' lang='lat' dir='ltr'><strong>Ut</strong></span> <span class='ocrx_word' id='word_1_22' title='bbox 366 944 451 1010; x_wconf 90' lang='lat' dir='ltr'><strong>ratio</strong></span> <span class='ocrx_word' id='word_1_23' title='bbox 476 962 606 1008; x_wconf 89' lang='lat' dir='ltr'><strong>sensum</strong></span> <span class='ocrx_word' id='word_1_24' title='bbox 628 945 765 1029; x_wconf 89' lang='lat' dir='ltr'><strong>propriis</strong></span> <span class='ocrx_word' id='word_1_25' title='bbox 787 944 974 1013; x_wconf 79' lang='lat' dir='ltr'>moderetur</span> <span class='ocrx_word' id='word_1_26' title='bbox 995 947 1138 1029; x_wconf 84' lang='lat' dir='ltr'><strong>habenis,</strong></span> 
     </span>
     <span class='ocr_line' id='line_1_6' title="bbox 298 1069 1180 1163; baseline 0.009 -28"><span class='ocrx_word' id='word_1_27' title='bbox 298 1070 488 1135; x_wconf 92' lang='lat' dir='ltr'><strong>Innumeros</strong></span> <span class='ocrx_word' id='word_1_28' title='bbox 512 1088 649 1134; x_wconf 89' lang='lat' dir='ltr'><strong>noscens</strong></span> <span class='ocrx_word' id='word_1_29' title='bbox 673 1069 816 1148; x_wconf 89' lang='lat' dir='ltr'><strong>mundos,</strong></span> <span class='ocrx_word' id='word_1_30' title='bbox 841 1073 1045 1158; x_wconf 91' lang='lat' dir='ltr'><strong>spaciumque</strong></span> <span class='ocrx_word' id='word_1_31' title='bbox 1069 1078 1180 1163; x_wconf 83' lang='lat' dir='ltr'><strong>capaci</strong></span> 
     </span>
     <span class='ocr_line' id='line_1_7' title="bbox 301 1198 1182 1286; baseline 0.007 -20"><span class='ocrx_word' id='word_1_32' title='bbox 301 1198 427 1266; x_wconf 86' lang='lat' dir='ltr'><strong>Cuncta</strong></span> <span class='ocrx_word' id='word_1_33' title='bbox 450 1203 522 1263; x_wconf 94' lang='lat' dir='ltr'><strong>sinu</strong></span> <span class='ocrx_word' id='word_1_34' title='bbox 546 1198 708 1276; x_wconf 88' lang='lat' dir='ltr'><strong>claudens,</strong></span> <span class='ocrx_word' id='word_1_35' title='bbox 732 1199 903 1286; x_wconf 88' lang='lat' dir='ltr'><strong>itidemque</strong></span> <span class='ocrx_word' id='word_1_36' title='bbox 926 1201 1081 1271; x_wconf 78' lang='lat' dir='ltr'><strong>fatebitur</strong></span> <span class='ocrx_word' id='word_1_37' title='bbox 1103 1207 1182 1272; x_wconf 94' lang='lat' dir='ltr'><strong>illud</strong></span> 
     </span>
     <span class='ocr_line' id='line_1_8' title="bbox 302 1326 1322 1424; baseline 0.011 -33"><span class='ocrx_word' id='word_1_38' title='bbox 302 1326 404 1404; x_wconf 84' lang='lat' dir='ltr'><strong>Quod,</strong></span> <span class='ocrx_word' id='word_1_39' title='bbox 428 1326 528 1392; x_wconf 90' lang='lat' dir='ltr'><strong>solem</strong></span> <span class='ocrx_word' id='word_1_40' title='bbox 550 1327 637 1394; x_wconf 89' lang='lat' dir='ltr'><strong>hunc</strong></span> <span class='ocrx_word' id='word_1_41' title='bbox 661 1329 757 1413; x_wconf 88' lang='lat' dir='ltr'><strong>circa,</strong></span> <span class='ocrx_word' id='word_1_42' title='bbox 782 1336 878 1416; x_wconf 90' lang='lat' dir='ltr'><strong>atque</strong></span> <span class='ocrx_word' id='word_1_43' title='bbox 903 1332 1004 1418; x_wconf 88' lang='lat' dir='ltr'><strong>illum,</strong></span> <span class='ocrx_word' id='word_1_44' title='bbox 1029 1335 1209 1405; x_wconf 80' lang='lat' dir='ltr'><strong>discurrere</strong></span> <span class='ocrx_word' id='word_1_45' title='bbox 1232 1339 1322 1424; x_wconf 86' lang='lat' dir='ltr'><strong>gyris</strong></span> 
     </span>
     <span class='ocr_line' id='line_1_9' title="bbox 302 1458 1072 1549; baseline 0.009 -25"><span class='ocrx_word' id='word_1_46' title='bbox 302 1460 426 1536; x_wconf 90' lang='lat' dir='ltr'><strong>Finitis,</strong></span> <span class='ocrx_word' id='word_1_47' title='bbox 453 1459 536 1525; x_wconf 90' lang='lat' dir='ltr'><strong>varii</strong></span> <span class='ocrx_word' id='word_1_48' title='bbox 559 1464 695 1543; x_wconf 90' lang='lat' dir='ltr'><strong>possunt</strong></span> <span class='ocrx_word' id='word_1_49' title='bbox 718 1458 895 1546; x_wconf 83' lang='lat' dir='ltr'><strong>debentque</strong></span> <span class='ocrx_word' id='word_1_50' title='bbox 917 1463 1072 1549; x_wconf 89' lang='lat' dir='ltr'><strong>planetae.</strong></span> 
     </span>
    </p>

    <p class='ocr_par' dir='ltr' id='par_1_5' title="bbox 302 1584 1153 1674">
     <span class='ocr_line' id='line_1_10' title="bbox 302 1584 1153 1674; baseline 0.008 -24"><span class='ocrx_word' id='word_1_51' title='bbox 302 1584 356 1650; x_wconf 90' lang='lat' dir='ltr'><strong>Sic</strong></span> <span class='ocrx_word' id='word_1_52' title='bbox 378 1589 411 1651; x_wconf 89' lang='lat' dir='ltr'><strong>et</strong></span> <span class='ocrx_word' id='word_1_53' title='bbox 434 1604 493 1649; x_wconf 93' lang='lat' dir='ltr'><strong>nos</strong></span> <span class='ocrx_word' id='word_1_54' title='bbox 515 1584 553 1651; x_wconf 94' lang='lat' dir='ltr'><strong>de</strong></span> <span class='ocrx_word' id='word_1_55' title='bbox 578 1585 708 1650; x_wconf 86' lang='lat' dir='ltr'><strong>Tellure</strong></span> <span class='ocrx_word' id='word_1_56' title='bbox 731 1585 817 1653; x_wconf 92' lang='lat' dir='ltr'><strong>hunc</strong></span> <span class='ocrx_word' id='word_1_57' title='bbox 839 1587 1061 1674; x_wconf 85' lang='lat' dir='ltr'><strong>profitebimur</strong></span> <span class='ocrx_word' id='word_1_58' title='bbox 1083 1610 1153 1657; x_wconf 89' lang='lat' dir='ltr'><strong>esse</strong></span> 
     </span>
    </p>

    <p class='ocr_par' dir='ltr' id='par_1_6' title="bbox 302 1713 1293 2196">
     <span class='ocr_line' id='line_1_11' title="bbox 302 1713 1171 1804; baseline 0.009 -26"><span class='ocrx_word' id='word_1_59' title='bbox 302 1714 340 1779; x_wconf 93' lang='lat' dir='ltr'><strong>ln</strong></span> <span class='ocrx_word' id='word_1_60' title='bbox 364 1713 466 1780; x_wconf 92' lang='lat' dir='ltr'><strong>medio</strong></span> <span class='ocrx_word' id='word_1_61' title='bbox 489 1714 651 1794; x_wconf 86' lang='lat' dir='ltr'><strong>mundum,</strong></span> <span class='ocrx_word' id='word_1_62' title='bbox 676 1717 751 1800; x_wconf 88' lang='lat' dir='ltr'><strong>quia</strong></span> <span class='ocrx_word' id='word_1_63' title='bbox 774 1717 854 1782; x_wconf 90' lang='lat' dir='ltr'><strong>coeli</strong></span> <span class='ocrx_word' id='word_1_64' title='bbox 878 1738 1014 1804; x_wconf 86' lang='lat' dir='ltr'><strong>magnus</strong></span> <span class='ocrx_word' id='word_1_65' title='bbox 1036 1720 1171 1786; x_wconf 86' lang='lat' dir='ltr'><strong>horizon</strong></span> 
     </span>
     <span class='ocr_line' id='line_1_12' title="bbox 303 1846 1293 1935; baseline 0.003 -24"><span class='ocrx_word' id='word_1_66' title='bbox 303 1847 474 1922; x_wconf 87' lang='lat' dir='ltr'><strong>Tellurem,</strong></span> <span class='ocrx_word' id='word_1_67' title='bbox 500 1850 535 1912; x_wconf 90' lang='lat' dir='ltr'><strong>ut</strong></span> <span class='ocrx_word' id='word_1_68' title='bbox 558 1852 704 1914; x_wconf 85' lang='lat' dir='ltr'><strong>centrum</strong></span> <span class='ocrx_word' id='word_1_69' title='bbox 727 1846 890 1922; x_wconf 89' lang='lat' dir='ltr'><strong>cohibens,</strong></span> <span class='ocrx_word' id='word_1_70' title='bbox 915 1862 1131 1935; x_wconf 91' lang='lat' dir='ltr'><strong>punctumque</strong></span> <span class='ocrx_word' id='word_1_71' title='bbox 1155 1850 1293 1917; x_wconf 92' lang='lat' dir='ltr'><strong>videtur.</strong></span> 
     </span>
     <span class='ocr_line' id='line_1_13' title="bbox 305 1980 1292 2069; baseline 0.001 -23"><span class='ocrx_word' id='word_1_72' title='bbox 305 1980 349 2046; x_wconf 89' lang='lat' dir='ltr'><strong>Ut</strong></span> <span class='ocrx_word' id='word_1_73' title='bbox 372 1989 458 2047; x_wconf 90' lang='lat' dir='ltr'><strong>certe</strong></span> <span class='ocrx_word' id='word_1_74' title='bbox 482 1981 685 2047; x_wconf 87' lang='lat' dir='ltr'><strong>nihilominus</strong></span> <span class='ocrx_word' id='word_1_75' title='bbox 709 1983 756 2059; x_wconf 91' lang='lat' dir='ltr'><strong>iis,</strong></span> <span class='ocrx_word' id='word_1_76' title='bbox 781 1985 835 2067; x_wconf 90' lang='lat' dir='ltr'><strong>qui</strong></span> <span class='ocrx_word' id='word_1_77' title='bbox 859 1982 1019 2069; x_wconf 84' lang='lat' dir='ltr'><strong>Cynthiae</strong></span> <span class='ocrx_word' id='word_1_78' title='bbox 1042 1982 1083 2048; x_wconf 90' lang='lat' dir='ltr'><strong>ab</strong></span> <span class='ocrx_word' id='word_1_79' title='bbox 1107 1984 1174 2048; x_wconf 89' lang='lat' dir='ltr'><strong>oris</strong></span> <span class='ocrx_word' id='word_1_80' title='bbox 1290 2021 1292 2026; x_wconf 94' lang='lat'>·</span> 
     </span>
     <span class='ocr_line' id='line_1_14' title="bbox 304 2109 1146 2196; baseline -0.001 -22"><span class='ocrx_word' id='word_1_81' title='bbox 304 2110 493 2194; x_wconf 88' lang='lat' dir='ltr'><strong>Respiciunt</strong></span> <span class='ocrx_word' id='word_1_82' title='bbox 516 2109 635 2175; x_wconf 90' lang='lat' dir='ltr'><strong>circum</strong></span> <span class='ocrx_word' id='word_1_83' title='bbox 659 2109 817 2196; x_wconf 90' lang='lat' dir='ltr'><strong>dispersos</strong></span> <span class='ocrx_word' id='word_1_84' title='bbox 840 2109 976 2193; x_wconf 91' lang='lat' dir='ltr'><strong>undique</strong></span> <span class='ocrx_word' id='word_1_85' title='bbox 1001 2109 1146 2186; x_wconf 88' lang='lat' dir='ltr'><strong>mundos,</strong></span> 
     </span>
    </p>

    <p class='ocr_par' dir='ltr' id='par_1_7' title="bbox 306 2236 1081 2315">
     <span class='ocr_line' id='line_1_15' title="bbox 306 2236 1081 2315; baseline -0.004 -11"><span class='ocrx_word' id='word_1_86' title='bbox 306 2239 348 2304; x_wconf 87' lang='lat' dir='ltr'><strong>Et</strong></span> <span class='ocrx_word' id='word_1_87' title='bbox 370 2238 477 2304; x_wconf 89' lang='lat' dir='ltr'><strong>Tellus</strong></span> <span class='ocrx_word' id='word_1_88' title='bbox 500 2238 637 2304; x_wconf 91' lang='lat' dir='ltr'><strong>medium</strong></span> <span class='ocrx_word' id='word_1_89' title='bbox 661 2238 747 2303; x_wconf 91' lang='lat' dir='ltr'><strong>circa</strong></span> <span class='ocrx_word' id='word_1_90' title='bbox 771 2237 921 2303; x_wconf 85' lang='lat' dir='ltr'><strong>revoluta</strong></span> <span class='ocrx_word' id='word_1_91' title='bbox 944 2236 1081 2315; x_wconf 88' lang='lat' dir='ltr'><strong>videtur,</strong></span> 
     </span>
    </p>

    <p class='ocr_par' dir='ltr' id='par_1_8' title="bbox 303 2366 1252 2711">
     <span class='ocr_line' id='line_1_16' title="bbox 304 2366 1252 2456; baseline -0.006 -20"><span class='ocrx_word' id='word_1_92' title='bbox 304 2370 349 2437; x_wconf 91' lang='lat' dir='ltr'><strong>Ut</strong></span> <span class='ocrx_word' id='word_1_93' title='bbox 372 2371 580 2456; x_wconf 90' lang='lat' dir='ltr'><strong>quodcunque</strong></span> <span class='ocrx_word' id='word_1_94' title='bbox 603 2374 698 2436; x_wconf 87' lang='lat' dir='ltr'><strong>extra</strong></span> <span class='ocrx_word' id='word_1_95' title='bbox 721 2373 771 2436; x_wconf 87' lang='lat' dir='ltr'><strong>est</strong></span> <span class='ocrx_word' id='word_1_96' title='bbox 792 2374 971 2454; x_wconf 88' lang='lat' dir='ltr'><strong>spectatum</strong></span> <span class='ocrx_word' id='word_1_97' title='bbox 995 2367 1110 2433; x_wconf 87' lang='lat' dir='ltr'><strong>sensile</strong></span> <span class='ocrx_word' id='word_1_98' title='bbox 1134 2366 1252 2431; x_wconf 90' lang='lat' dir='ltr'><strong>lumen.</strong></span> 
     </span>
     <span class='ocr_line' id='line_1_17' title="bbox 303 2493 1183 2581; baseline -0.013 -14"><span class='ocrx_word' id='word_1_99' title='bbox 303 2501 376 2567; x_wconf 94' lang='lat' dir='ltr'><strong>Non</strong></span> <span class='ocrx_word' id='word_1_100' title='bbox 400 2499 495 2564; x_wconf 87' lang='lat' dir='ltr'><strong>aliter</strong></span> <span class='ocrx_word' id='word_1_101' title='bbox 518 2497 671 2565; x_wconf 87' lang='lat' dir='ltr'><strong>breviora</strong></span> <span class='ocrx_word' id='word_1_102' title='bbox 695 2500 802 2564; x_wconf 86' lang='lat' dir='ltr'><strong>terens</strong></span> <span class='ocrx_word' id='word_1_103' title='bbox 826 2515 884 2581; x_wconf 90' lang='lat' dir='ltr'><strong>per</strong></span> <span class='ocrx_word' id='word_1_104' title='bbox 907 2495 1045 2580; x_wconf 89' lang='lat' dir='ltr'><strong>compita</strong></span> <span class='ocrx_word' id='word_1_105' title='bbox 1068 2493 1183 2579; x_wconf 79' lang='lat' dir='ltr'><strong>Apollo</strong></span> 
     </span>
     <span class='ocr_line' id='line_1_18' title="bbox 307 2618 1211 2711; baseline -0.014 -14"><span class='ocrx_word' id='word_1_106' title='bbox 307 2629 476 2706; x_wconf 69' lang='lat' dir='ltr'><strong>Circuitus</strong></span> <span class='ocrx_word' id='word_1_107' title='bbox 500 2627 594 2692; x_wconf 91' lang='lat' dir='ltr'><strong>medii</strong></span> <span class='ocrx_word' id='word_1_108' title='bbox 617 2627 670 2711; x_wconf 89' lang='lat' dir='ltr'><strong>qui</strong></span> <span class='ocrx_word' id='word_1_109' title='bbox 691 2623 874 2690; x_wconf 82' lang='lat' dir='ltr'><strong>errantibus</strong></span> <span class='ocrx_word' id='word_1_110' title='bbox 899 2621 1035 2690; x_wconf 86' lang='lat' dir='ltr'><strong>ambitus</strong></span> <span class='ocrx_word' id='word_1_111' title='bbox 1059 2623 1139 2700; x_wconf 89' lang='lat' dir='ltr'><strong>istis,</strong></span> <span class='ocrx_word' id='word_1_112' title='bbox 1162 2618 1211 2709; x_wconf 86' lang='lat' dir='ltr'><strong>(l)</strong></span> 
     </span>
    </p>
   </div>
   <div class='ocr_carea' id='block_1_5' title="bbox 305 2753 1230 3235">
    <p class='ocr_par' dir='ltr' id='par_1_9' title="bbox 305 2753 1097 2846">
     <span class='ocr_line' id='line_1_19' title="bbox 305 2753 1097 2846; baseline -0.016 -17"><span class='ocrx_word' id='word_1_113' title='bbox 305 2763 469 2846; x_wconf 89' lang='lat' dir='ltr'><strong>Temporis</strong></span> <span class='ocrx_word' id='word_1_114' title='bbox 493 2761 555 2826; x_wconf 93' lang='lat' dir='ltr'><strong>hoc</strong></span> <span class='ocrx_word' id='word_1_115' title='bbox 577 2762 644 2845; x_wconf 92' lang='lat' dir='ltr'><strong>ipso</strong></span> <span class='ocrx_word' id='word_1_116' title='bbox 668 2779 730 2842; x_wconf 93' lang='lat' dir='ltr'><strong>quo</strong></span> <span class='ocrx_word' id='word_1_117' title='bbox 754 2756 890 2822; x_wconf 87' lang='lat' dir='ltr'><strong>circinat</strong></span> <span class='ocrx_word' id='word_1_118' title='bbox 913 2753 1097 2830; x_wconf 88' lang='lat' dir='ltr'><strong>intervallo,</strong></span> 
     </span>
    </p>

    <p class='ocr_par' dir='ltr' id='par_1_10' title="bbox 305 2885 1230 3235">
     <span class='ocr_line' id='line_1_20' title="bbox 305 2885 1125 2982; baseline -0.007 -28"><span class='ocrx_word' id='word_1_119' title='bbox 305 2891 395 2982; x_wconf 82' lang='lat' dir='ltr'><strong>illius</strong></span> <span class='ocrx_word' id='word_1_120' title='bbox 419 2897 576 2976; x_wconf 78' lang='lat' dir='ltr'><strong>augustae</strong></span> <span class='ocrx_word' id='word_1_121' title='bbox 599 2889 660 2955; x_wconf 91' lang='lat' dir='ltr'><strong>sibi</strong></span> <span class='ocrx_word' id='word_1_122' title='bbox 684 2888 799 2954; x_wconf 90' lang='lat' dir='ltr'><strong>suadet</strong></span> <span class='ocrx_word' id='word_1_123' title='bbox 823 2891 857 2952; x_wconf 89' lang='lat' dir='ltr'><strong>et</strong></span> <span class='ocrx_word' id='word_1_124' title='bbox 880 2885 986 2952; x_wconf 85' lang='lat' dir='ltr'><strong>incola</strong></span> <span class='ocrx_word' id='word_1_125' title='bbox 1008 2885 1097 2959; x_wconf 87' lang='lat' dir='ltr'><strong>lucis,</strong></span> <span class='ocrx_word' id='word_1_126' title='bbox 1123 2977 1125 2981; x_wconf 10' lang='lat' dir='ltr'>y</span> 
     </span>
     <span class='ocr_line' id='line_1_21' title="bbox 307 3019 1155 3088; baseline -0.008 0"><span class='ocrx_word' id='word_1_127' title='bbox 307 3020 431 3088; x_wconf 86' lang='lat' dir='ltr'><strong>Cuncta</strong></span> <span class='ocrx_word' id='word_1_128' title='bbox 456 3021 532 3087; x_wconf 88' lang='lat' dir='ltr'><strong>illud</strong></span> <span class='ocrx_word' id='word_1_129' title='bbox 556 3022 677 3088; x_wconf 88' lang='lat' dir='ltr'><strong>circum</strong></span> <span class='ocrx_word' id='word_1_130' title='bbox 702 3020 840 3086; x_wconf 90' lang='lat' dir='ltr'><strong>medium</strong></span> <span class='ocrx_word' id='word_1_131' title='bbox 860 3019 1022 3086; x_wconf 87' lang='lat' dir='ltr'><strong>versarier</strong></span> <span class='ocrx_word' id='word_1_132' title='bbox 1045 3025 1155 3084; x_wconf 91' lang='lat' dir='ltr'><strong>astra:</strong></span> 
     </span>
     <span class='ocr_line' id='line_1_22' title="bbox 307 3148 1230 3235; baseline -0.01 -19"><span class='ocrx_word' id='word_1_133' title='bbox 307 3149 381 3216; x_wconf 93' lang='lat' dir='ltr'><strong>Non</strong></span> <span class='ocrx_word' id='word_1_134' title='bbox 406 3150 506 3234; x_wconf 86' lang='lat' dir='ltr'><strong>igitur</strong></span> <span class='ocrx_word' id='word_1_135' title='bbox 528 3152 660 3235; x_wconf 90' lang='lat' dir='ltr'><strong>proprie</strong></span> <span class='ocrx_word' id='word_1_136' title='bbox 685 3155 734 3217; x_wconf 88' lang='lat' dir='ltr'><strong>est</strong></span> <span class='ocrx_word' id='word_1_137' title='bbox 758 3148 892 3214; x_wconf 89' lang='lat' dir='ltr'><strong>mediam</strong></span> <span class='ocrx_word' id='word_1_138' title='bbox 916 3148 1035 3213; x_wconf 87' lang='lat' dir='ltr'><strong>sortita</strong></span> <span class='ocrx_word' id='word_1_139' title='bbox 1057 3163 1230 3212; x_wconf 87' lang='lat' dir='ltr'><strong>cavernam</strong></span> 
     </span>
    </p>
   </div>
   <div class='ocr_carea' id='block_1_6' title="bbox 306 3282 1299 4135">
    <p class='ocr_par' dir='ltr' id='par_1_11' title="bbox 306 3282 1299 3736">
     <span class='ocr_line' id='line_1_23' title="bbox 306 3282 1146 3365; baseline -0.013 -12"><span class='ocrx_word' id='word_1_140' title='bbox 306 3288 343 3353; x_wconf 91' lang='lat' dir='ltr'><strong>ln</strong></span> <span class='ocrx_word' id='word_1_141' title='bbox 367 3291 436 3354; x_wconf 88' lang='lat' dir='ltr'><strong>toto</strong></span> <span class='ocrx_word' id='word_1_142' title='bbox 460 3286 568 3352; x_wconf 90' lang='lat' dir='ltr'><strong>Tellus</strong></span> <span class='ocrx_word' id='word_1_143' title='bbox 592 3292 708 3362; x_wconf 90' lang='lat' dir='ltr'><strong>mater,</strong></span> <span class='ocrx_word' id='word_1_144' title='bbox 732 3284 787 3350; x_wconf 87' lang='lat' dir='ltr'><strong>sed</strong></span> <span class='ocrx_word' id='word_1_145' title='bbox 812 3282 853 3349; x_wconf 91' lang='lat' dir='ltr'><strong>ad</strong></span> <span class='ocrx_word' id='word_1_146' title='bbox 876 3283 961 3347; x_wconf 92' lang='lat' dir='ltr'><strong>hanc</strong></span> <span class='ocrx_word' id='word_1_147' title='bbox 984 3282 1146 3365; x_wconf 87' lang='lat' dir='ltr'><strong>regionem</strong></span> 
     </span>
     <span class='ocr_line' id='line_1_24' title="bbox 307 3409 1160 3501; baseline -0.012 -19"><span class='ocrx_word' id='word_1_148' title='bbox 307 3415 481 3499; x_wconf 91' lang='lat' dir='ltr'><strong>Mundique</strong></span> <span class='ocrx_word' id='word_1_149' title='bbox 506 3421 653 3501; x_wconf 86' lang='lat' dir='ltr'><strong>aspectus</strong></span> <span class='ocrx_word' id='word_1_150' title='bbox 680 3414 773 3489; x_wconf 89' lang='lat' dir='ltr'><strong>tanti,</strong></span> <span class='ocrx_word' id='word_1_151' title='bbox 799 3416 937 3496; x_wconf 86' lang='lat' dir='ltr'><strong>quantus</strong></span> <span class='ocrx_word' id='word_1_152' title='bbox 963 3412 1049 3495; x_wconf 88' lang='lat' dir='ltr'><strong>capit</strong></span> <span class='ocrx_word' id='word_1_153' title='bbox 1071 3409 1160 3474; x_wconf 90' lang='lat' dir='ltr'><strong>illam</strong></span> 
     </span>
     <span class='ocr_line' id='line_1_25' title="bbox 307 3541 1299 3630; baseline -0.009 -21"><span class='ocrx_word' id='word_1_154' title='bbox 307 3542 459 3609; x_wconf 87' lang='lat' dir='ltr'><strong>Sensibus</strong></span> <span class='ocrx_word' id='word_1_155' title='bbox 482 3541 641 3630; x_wconf 90' lang='lat' dir='ltr'><strong>objectam</strong></span> <span class='ocrx_word' id='word_1_156' title='bbox 666 3541 715 3629; x_wconf 83' lang='lat'><strong>(2)</strong></span> <span class='ocrx_word' id='word_1_157' title='bbox 738 3543 894 3626; x_wconf 91' lang='lat' dir='ltr'><strong>speciem,</strong></span> <span class='ocrx_word' id='word_1_158' title='bbox 918 3559 981 3623; x_wconf 87' lang='lat' dir='ltr'><strong>qua</strong></span> <span class='ocrx_word' id='word_1_159' title='bbox 1004 3547 1121 3606; x_wconf 86' lang='lat' dir='ltr'><strong>cuncta</strong></span> <span class='ocrx_word' id='word_1_160' title='bbox 1143 3543 1299 3624; x_wconf 87' lang='lat' dir='ltr'><strong>putantur</strong></span> 
     </span>
     <span class='ocr_line' id='line_1_26' title="bbox 309 3665 1014 3736; baseline -0.004 -3"><span class='ocrx_word' id='word_1_161' title='bbox 309 3668 446 3734; x_wconf 90' lang='lat' dir='ltr'><strong>Lumina</strong></span> <span class='ocrx_word' id='word_1_162' title='bbox 469 3670 595 3736; x_wconf 89' lang='lat' dir='ltr'><strong>caelato</strong></span> <span class='ocrx_word' id='word_1_163' title='bbox 619 3666 905 3735; x_wconf 87' lang='lat' dir='ltr'><strong>circumversarier</strong></span> <span class='ocrx_word' id='word_1_164' title='bbox 927 3665 1014 3732; x_wconf 89' lang='lat' dir='ltr'><strong>orbe.</strong></span> 
     </span>
    </p>

    <p class='ocr_par' dir='ltr' id='par_1_12' title="bbox 308 3792 1169 3879">
     <span class='ocr_line' id='line_1_27' title="bbox 308 3792 1169 3879; baseline -0.005 -20"><span class='ocrx_word' id='word_1_165' title='bbox 308 3794 518 3879; x_wconf 85' lang='lat' dir='ltr'><strong>Perspectum</strong></span> <span class='ocrx_word' id='word_1_166' title='bbox 542 3800 592 3860; x_wconf 87' lang='lat' dir='ltr'><strong>est</strong></span> <span class='ocrx_word' id='word_1_167' title='bbox 614 3794 705 3861; x_wconf 87' lang='lat' dir='ltr'><strong>nobis</strong></span> <span class='ocrx_word' id='word_1_168' title='bbox 727 3799 882 3878; x_wconf 88' lang='lat' dir='ltr'><strong>quantum</strong></span> <span class='ocrx_word' id='word_1_169' title='bbox 906 3792 1016 3859; x_wconf 92' lang='lat' dir='ltr'><strong>videre</strong></span> <span class='ocrx_word' id='word_1_170' title='bbox 1040 3792 1169 3867; x_wconf 89' lang='lat' dir='ltr'><strong>vetusti,</strong></span> 
     </span>
    </p>

    <p class='ocr_par' dir='ltr' id='par_1_13' title="bbox 310 3918 1148 4135">
     <span class='ocr_line' id='line_1_28' title="bbox 310 3918 1148 4006; baseline -0.007 -18"><span class='ocrx_word' id='word_1_171' title='bbox 310 3923 353 3988; x_wconf 87' lang='lat' dir='ltr'><strong>Et</strong></span> <span class='ocrx_word' id='word_1_172' title='bbox 377 3942 458 4006; x_wconf 90' lang='lat' dir='ltr'><strong>quae</strong></span> <span class='ocrx_word' id='word_1_173' title='bbox 482 3926 621 3989; x_wconf 90' lang='lat' dir='ltr'><strong>terrenis</strong></span> <span class='ocrx_word' id='word_1_174' title='bbox 645 3922 837 3989; x_wconf 89' lang='lat' dir='ltr'><strong>descendere</strong></span> <span class='ocrx_word' id='word_1_175' title='bbox 860 3920 962 3986; x_wconf 91' lang='lat' dir='ltr'><strong>multa</strong></span> <span class='ocrx_word' id='word_1_176' title='bbox 985 3918 1148 3995; x_wconf 89' lang='lat' dir='ltr'><strong>videntur,</strong></span> 
     </span>
     <span class='ocr_line' id='line_1_29' title="bbox 311 4045 1123 4135; baseline 0.004 -23"><span class='ocrx_word' id='word_1_177' title='bbox 311 4047 502 4117; x_wconf 87' lang='lat' dir='ltr'><strong>Ascendunt</strong></span> <span class='ocrx_word' id='word_1_178' title='bbox 524 4051 604 4116; x_wconf 90' lang='lat' dir='ltr'><strong>aliis.</strong></span> <span class='ocrx_word' id='word_1_179' title='bbox 632 4051 677 4119; x_wconf 81' lang='lat' dir='ltr'><strong>nt</strong></span> <span class='ocrx_word' id='word_1_180' title='bbox 699 4069 782 4135; x_wconf 86' lang='lat' dir='ltr'><strong>quae</strong></span> <span class='ocrx_word' id='word_1_181' title='bbox 805 4045 933 4112; x_wconf 86' lang='lat' dir='ltr'><strong>sublata</strong></span> <span class='ocrx_word' id='word_1_182' title='bbox 956 4047 1123 4125; x_wconf 89' lang='lat' dir='ltr'><strong>volabunt,</strong></span> 
     </span>
    </p>
   </div>
   <div class='ocr_carea' id='block_1_7' title="bbox 292 4331 960 4489">
    <p class='ocr_par' dir='ltr' id='par_1_14' title="bbox 292 4331 960 4489">
     <span class='ocr_line' id='line_1_30' title="bbox 295 4331 960 4394; baseline 0.002 -15"><span class='ocrx_word' id='word_1_183' title='bbox 295 4335 327 4394; x_wconf 81' lang='lat' dir='ltr'><strong>(l)</strong></span> <span class='ocrx_word' id='word_1_184' title='bbox 339 4337 426 4385; x_wconf 82' lang='lat' dir='ltr'><strong>Questu</strong></span> <span class='ocrx_word' id='word_1_185' title='bbox 436 4335 523 4390; x_wconf 70' lang='lat' dir='ltr'><strong>riegola</strong></span> <span class='ocrx_word' id='word_1_186' title='bbox 533 4348 545 4378; x_wconf 88' lang='lat' dir='ltr'><strong>e</strong></span> <span class='ocrx_word' id='word_1_187' title='bbox 555 4331 577 4379; x_wconf 81' lang='lat' dir='ltr'><strong>le</strong></span> <span class='ocrx_word' id='word_1_188' title='bbox 586 4335 721 4393; x_wconf 74' lang='lat' dir='ltr'><strong>precedente</strong></span> <span class='ocrx_word' id='word_1_189' title='bbox 730 4347 841 4384; x_wconf 66' lang='lat' dir='ltr'><strong>mammo</strong></span> <span class='ocrx_word' id='word_1_190' title='bbox 849 4337 886 4383; x_wconf 76' lang='lat' dir='ltr'><strong>nel</strong></span> <span class='ocrx_word' id='word_1_191' title='bbox 895 4343 960 4384; x_wconf 76' lang='lat' dir='ltr'><strong>reeta</strong></span> 
     </span>
     <span class='ocr_line' id='line_1_31' title="bbox 292 4432 622 4489; baseline -0.003 -13"><span class='ocrx_word' id='word_1_192' title='bbox 292 4433 323 4489; x_wconf 65' lang='grc' dir='ltr'><strong>(ἲ)</strong></span> <span class='ocrx_word' id='word_1_193' title='bbox 337 4432 356 4476; x_wconf 92' lang='lat' dir='ltr'><strong>ll</strong></span> <span class='ocrx_word' id='word_1_194' title='bbox 369 4438 428 4478; x_wconf 80' lang='lat' dir='ltr'><strong>reete</strong></span> <span class='ocrx_word' id='word_1_195' title='bbox 445 4432 487 4478; x_wconf 76' lang='lat' dir='ltr'><strong>bu:</strong></span> <span class='ocrx_word' id='word_1_196' title='bbox 503 4433 622 4477; x_wconf 72' lang='lat' dir='ltr'><strong>obtectam.</strong></span> 
     </span>
    </p>
   </div>
   <div class='ocr_carea' id='block_1_8' title="bbox 0 0 1735 5108">
    <p class='ocr_par' dir='ltr' id='par_1_15' title="bbox 0 0 1735 5108">
     <span class='ocr_line' id='line_1_32' title="bbox 0 0 1735 5108; baseline 0 0"><span class='ocrx_word' id='word_1_197' title='bbox 0 0 1735 5108; x_wconf 95' lang='lat' dir='ltr'><strong> </strong></span> 
     </span>
    </p>
   </div>
  </div>
 </body>
</html>
