3442 5108
914 346 1075 407 -32-

434 542 552 630 dcreS,
568 543 606 615 61
635 537 724 613 illud
753 535 878 613 animo
906 537 1093 629 advertas,
1124 558 1237 638 quam
1264 535 1332 612 tihi
1359 534 1464 614 nullo
1492 535 1567 613 alio

434 666 558 744 minus
578 663 779 740 conveniat
806 686 943 738 munus
969 661 1061 738 illud
1089 662 1204 755 obire,
1226 661 1322 762 quod
1342 666 1443 739 certe
1463 663 1567 740 omui

436 791 579 868 ratione
595 817 617 865 a
635 798 673 865 tc
688 789 785 865 inter
800 788 1019 891 praecipuos
1035 787 1216 889 exigitur3
1239 791 1368 891 utpote
1387 788 1567 893 quidquid

436 919 482 993 ah
511 916 593 992 aliis
621 914 843 1017 praestitum
871 940 953 990 esse
984 914 1239 1016 videamque
1267 917 1536 1015 praestandum
1552 920 1567 992 ’1

438 1041 669 1144 Peregrinus
688 1065 771 1116 sum
786 1039 941 1144 (inquis)
961 1044 999 1116 61
1026 1044 1242 1116 extraneus.
1264 1037 1361 1122 Quid
1385 1040 1440 1118 ita
1457 1039 1570 1117 Nola-

439 1170 504 1249 uel
524 1170 603 1245 huo
623 1169 695 1244 hac
714 1166 951 1269 potissimum
970 1166 1115 1243 ratione
1138 1166 1346 1270 gerendum
1372 1170 1483 1243 tuum
1515 1192 1571 1243 re-

439 1296 600 1399 quiritur
632 1296 694 1372 hic
713 1297 759 1371 al)
779 1294 880 1370 omui
899 1294 982 1397 lege
1002 1292 1213 1394 negocium,
1234 1294 1332 1396 quod
1352 1298 1568 1386 extraneus

326 1523 329 1530 ¹
442 1424 537 1525 quod
567 1421 789 1526 peregrinus
810 1446 871 1509 cs,
892 1425 930 1498 61
956 1421 1055 1523 quod
1074 1420 1121 1496 ad
1139 1418 1285 1497 nullum
1304 1420 1473 1499 ordinem
1491 1447 1574 1524 spe·

441 1554 535 1643 ctas,
564 1547 668 1625 nulla
686 1574 785 1651 pars.
807 1549 867 1624 hu
886 1548 1038 1649 ignoras
1057 1551 1209 1625 tantum
1228 1546 1343 1626 fuisse
1362 1548 1572 1652 generosis-

443 1678 559 1754 simae
579 1683 617 1753 et
632 1677 934 1779 superhumanae
948 1675 1194 1753 humanitatis
1208 1674 1448 1754 illustrissimi
1464 1675 1574 1752 Prin-

446 1803 538 1906 cipis
557 1803 579 1878 J
583 1802 647 1878 ulii
666 1803 765 1879 inter
784 1802 945 1878 virtutes
964 1800 1056 1878 alias
1075 1801 1324 1904 splendorem3
1345 1804 1389 1877 ut
1402 1800 1576 1879 decreve-

444 1927 514 2019 rit,
544 1926 796 2013 ordinaverit,
816 1930 854 2001 61
879 1926 1084 2003 sanciverit
1102 1951 1174 2029 quo
1193 1926 1232 2003 in
1250 1926 1273 2001 J
1277 1925 1352 2002 ulia
1370 1924 1574 2004 Academia

445 2078 521 2131 uon
537 2051 656 2128 solum
677 2076 752 2127 non
772 2053 1013 2144 haberentur,
1030 2053 1096 2129 sed
1110 2077 1231 2155 neque
1246 2056 1372 2129 esseut
1385 2050 1575 2155 peregrini

447 2184 485 2256 et
504 2180 676 2256 extranei
695 2180 732 2272 ii,
757 2203 915 2282 quorum
931 2179 1116 2282 possibilis
1132 2185 1189 2255 est
1206 2180 1366 2256 honesta
1380 2203 1579 2256 conversa-

447 2305 512 2399 tio,
533 2330 691 2407 quorum
709 2304 890 2407 professio
906 2305 966 2381 vel
980 2305 1145 2381 studium
1160 2304 1261 2381 circa
1274 2305 1419 2400 Musas,
1434 2310 1473 2383 61
1486 2303 1579 2407 opti·

448 2453 529 2504 uras
549 2427 761 2530 disciplinas
782 2429 1014 2504 versaretur?
1031 2429 1183 2504 Annon
1201 2451 1438 2531 summopere
1456 2428 1577 2520 cavit,

449 2575 498 2627 ne
518 2548 594 2626 ulla
612 2551 710 2626 bona
729 2576 804 2643 ars,
825 2554 936 2653 atque
955 2551 1122 2646 scientia,
1142 2576 1236 2653 quae
1255 2552 1420 2628 humano
1449 2552 1578 2653 generi

452 2677 536 2753 usui
556 2703 638 2753 esse
652 2677 780 2779 possit,
802 2702 969 2780 quaeque
988 2678 1035 2754 ad
1059 2677 1225 2755 divinam
1254 2677 1507 2780 cognitionem
1525 2683 1581 2756 at·

452 2829 523 2904 quc
539 2803 679 2879 cultum
696 2805 836 2904 gradus
852 2810 963 2886 esset,
979 2803 1039 2879 vel
1059 2806 1105 2879 ab
1125 2805 1188 2879 illa
1203 2805 1338 2881 saltem
1352 2829 1427 2881 non
1442 2804 1580 2893 aliena·

452 2933 522 3016 ret,
534 2928 605 3006 hoc
620 2930 658 3005 in
673 2929 754 3005 loco
769 2955 845 3005 uon
860 2955 900 3005 se
916 2929 1049 3021 civem,
1067 2931 1270 3030 patritiam,
1286 2933 1325 3006 61
1338 2928 1579 3007 domesticam

453 3059 684 3155 agnosceret
705 3054 768 3130 ubi
787 3055 840 3130 nil
859 3055 957 3131 aliud
978 3055 1216 3157 peregrinum
1236 3060 1274 3130 61
1288 3062 1512 3132 extraneum
1522 3055 1577 3131 in-

453 3179 571 3280 telligi
590 3180 711 3257 voluit
729 3179 841 3283 (quod
862 3182 973 3257 etiam
993 3180 1209 3282 longissime
1224 3183 1356 3258 abesse
1371 3186 1410 3259 et
1426 3179 1582 3260 exulare

455 3305 693 3410 percupivit)
713 3333 826 3410 quam
845 3313 992 3408 turpem
1012 3306 1285 3408 ignorantiam,
1315 3307 1433 3386 feram
1450 3309 1582 3385 barba·

458 3435 572 3525 riem,
602 3438 713 3532 atque
732 3435 960 3536 cyclopicanr
980 3434 1083 3511 illam
1102 3434 1455 3536 inhospitalitatem:
1484 3435 1583 3539 quod

459 3560 554 3636 faxit
572 3560 687 3652 Deus,
709 3564 749 3634 ut
767 3560 820 3636 illi
834 3560 978 3661 plenius
998 3566 1177 3664 perpetuo
1197 3586 1264 3663 pro
1285 3564 1374 3639 voto
1393 3562 1583 3657 succedat,

458 3712 506 3762 ne
522 3712 679 3787 usquam
696 3685 851 3763 Gaul-ica
866 3687 929 3763 illa
942 3688 1101 3764 torvitas
1116 3688 1197 3765 loco
1213 3688 1424 3790 gravitatis
1440 3689 1585 3766 6111161-

458 3815 573 3891 tantis
602 3814 837 3915 ignorantiae
868 3815 1010 3914 species
1035 3818 1102 3891 sub
1122 3814 1232 3892 titulo
1251 3814 1442 3892 doctrinae
1460 3815 1587 3893 vendi-

461 3944 574 4017 tetur.
592 3941 632 4016 111
653 3945 817 4017 urentem
838 3965 927 4040 ergo
943 3941 980 4016 iu
1000 3947 1163 4018 11161116111
1183 3940 1327 4046 (Itale)
1353 3946 1531 4020 revocato
1548 3946 1587 4019 te

459 4096 482 4142 a
500 4072 566 4141 tua
585 4065 707 4167 patria
726 4065 893 4141 honestis
913 4067 988 4142 tuis
1008 4066 1228 4160 rationibus
1243 4071 1356 4169 atque
1371 4067 1503 4144 studiis
1518 4093 1586 4170 pro

462 4187 621 4264 veritate
641 4187 801 4278 exulem,
822 4187 883 4263 hie
902 4188 1035 4264 civem.
1057 4188 1240 4290 lbigulae
1259 4199 1297 4264 61
1315 4189 1515 4266 voracitati
1533 4190 1590 4269 lu·

463 4311 500 4416 pi
533 4311 697 4386 Romani
727 4310 952 4414 expositum,
978 4312 1038 4389 hic
1055 4313 1226 4392 liberum.
1247 4311 1299 4389 lbi
1328 4313 1589 4416 superstitioso
1700 4290 1709 4303 ’
