3442 5108
852 627 995 696 CAPUT
1021 626 1094 690 XII.

466 906 702 955 ARGUMENTUM
726 906 746 950 A
770 902 999 950 Pssnrsscrtona'
1024 899 1199 951 turrensi,
1225 895 1313 949 QUAE
1344 892 1496 939 ruorntts

566 1016 836 1064 COMPREllENSUM
860 1011 1020 1060 TERtssNts
1044 1007 1181 1066 EXffiAT,
1221 1003 1394 1050 SOLl'ITUR.

467 1252 627 1303 Argumentum
637 1247 694 1304 quod
710 1259 723 1290 a
737 1246 863 1289 delinitione
878 1244 978 1301 perfecti,
992 1241 1131 1296 universique
1146 1237 1280 1294 perfectione
1295 1248 1333 1290 per
1349 1232 1488 1277 Aristotelem

654 1340 723 1384 allata
735 1371 740 1391 ‚
752 1338 783 1393 tl)
794 1337 873 1380 deduci
883 1343 963 1393 potest,
973 1333 1087 1389 multiplici
1097 1333 1180 1375 ratione
1190 1330 1303 1373 refellitur.

507 1567 650 1649 Fineque
674 1563 849 1649 supposita
876 1561 1051 1647 perfectum
1078 1559 1215 1642 concipit
1239 1575 1336 1621 uuum

462 1697 510 1759 Ac
534 1698 655 1772 totunr;
680 1695 794 1759 iccirco
819 1691 972 1779 perfectio
996 1690 1084 1755 nulla
1108 1688 1250 1754 manebit

465 1820 640 1906 Sphaeram
663 1819 976 1904 infinitam‚pr0prio
1001 1817 1060 1882 sibi
1085 1817 1147 1882 fine
1172 1820 1297 1901 negato
1316 1815 1364 1900 (2)

466 1952 509 2016 Ut
533 1972 740 2036 quaecunque
766 1954 823 2027 sui,
849 1956 882 2015 et
906 1972 987 2035 quae
1014 1951 1252 2034 comperiuntur
1275 1949 1307 2011 in
1331 1947 1397 2026 illa,

464 2083 576 2146 Finem
599 2089 753 2167 perpetuo
778 2102 818 2144 ex
843 2081 905 2145 alio
930 2081 1096 2165 capientia.
1123 2079 1232 2151 Qttare

463 2213 535 2279 Nou
561 2216 625 2279 erit
649 2215 801 2278 immenso
828 2214 990 2300 perfectio
1016 2234 1079 2297 qua
1103 2213 1228 2278 ratione

464 2340 649 2407 Perfectum
675 2342 751 2407 dicit
776 2342 938 2418 muudum,
961 2343 1039 2424 quia
1063 2342 1216 2407 terminus
1242 2340 1330 2404 illum

462 2468 580 2535 Definit
606 2472 765 2554 proprius
794 2470 892 2535 veluti
918 2491 1042 2554 quoquc
1067 2491 1182 2554 corpus
1210 2472 1241 2534 in
1266 2469 1364 2533 ullam

462 2598 536 2662 Nou
552 2599 680 2696 migrat
703 2601 815 2682 quanti
839 2601 985 2683 speciem,
1011 2619 1069 2663 ceu
1095 2599 1189 2673 linea,
1214 2603 1360 2682 punctus,

462 2731 570 2811 Atque
593 2729 777 2814 superficies
801 2727 931 2794 fluitant
956 2731 987 2792 in
1012 2729 1154 2813 corporis
1179 2733 1295 2793 actum.

464 2859 546 2923 Nam
572 2867 743 2944 postquam
769 2865 921 2944 punctum
944 2882 999 2946 per
1025 2861 1155 2944 longum
1181 2859 1329 2936 fluxerit,
1353 2865 1449 2943 atque

462 2990 562 3055 Linea
586 2991 776 3074 perlatum,
804 2991 852 3075 (3)
879 2989 977 3053 facies
1001 2989 1187 3072 dederitque
1211 2987 1411 3073 profundum,

465 3115 619 3182 Materies
642 3124 790 3200 superest
813 3117 911 3192 nulla,
929 3123 964 3182 ut
987 3117 1140 3182 dimensio
1156 3124 1272 3201 quarta

466 3240 640 3307 Succedat:
667 3242 766 3305 moles
790 3241 865 3306 hinc
889 3241 1120 3325 perfectissima
1144 3264 1260 3327 corpus

464 3371 644 3436 Astruitur.
671 3371 778 3437 Samio
804 3371 927 3436 celeber
952 3375 1115 3438 ternarius
1139 3373 1213 3436 hinc
1237 3381 1295 3444 est,

462 3503 608 3586 Hincque
633 3503 817 3570 sacerdotes
842 3511 936 3570 terna
960 3505 1029 3568 rice
1046 3505 1144 3570 thura
1168 3506 1361 3577 ministrant,

461 3632 503 3698 Et
526 3633 661 3719 primum
685 3633 786 3716 primo
811 3631 872 3696 hoc
895 3652 1028 3696 numero
1052 3633 1135 3697 Deus
1159 3634 1280 3717 impare
1304 3631 1433 3714 gaudet.

464 3762 547 3825 Narn
572 3763 645 3838 tria,
671 3762 870 3847 principium,
895 3763 1040 3835 medium,
1067 3762 1208 3846 finisque,
1234 3767 1345 3826 creata

464 3892 589 3961 Cuncta
612 3901 755 3972 movent,
781 3894 926 3981 adigunt,
951 3901 984 3960 et
1007 3900 1096 3961 certo
1120 3894 1220 3960 limite
1244 3893 1404 3958 claudunt.

464 4028 504 4092 Et
528 4030 616 4112 quia,
640 4034 759 4095 natura
784 4028 881 4094 veluti
905 4028 1054 4103 dictante,
1080 4028 1216 4093 solemus

442 4244 473 4296 ll)
489 4244 504 4285 ll
514 4251 571 4288 testo
581 4245 617 4288 ha:
628 4260 670 4300 prr
680 4249 834 4301 Aristotelem,
843 4250 918 4291 allato
928 4247 1010 4290 deduci
1019 4256 1063 4289 etc.

446 4342 477 4393 (⁶2)
489 4344 575 4389 Questa
583 4344 673 4396 virpola
680 4357 692 4385 e
699 4345 724 4386 la
734 4344 869 4398 precedente
879 4356 988 4387 mancano
996 4343 1032 4387 nel
1041 4352 1104 4386 testo.

443 4438 476 4490 (a)
487 4439 571 4486 Questa
581 4439 670 4493 virgula
679 4452 759 4482 rnanca
769 4439 803 4481 nel
815 4446 882 4484 testo:
894 4439 909 4483 l'
916 4439 943 4482 lto
952 4452 1026 4484 inesse
1033 4452 1072 4495 per
1079 4439 1116 4495 pili
1127 4439 1242 4483 ctriarezza
