3442 5108
894 396 1074 462 -attss

467 586 658 672 Concipiunt
682 588 751 652 aliis
776 589 857 655 haec
882 611 963 675 quae
987 593 1146 680 pelluntur
1169 591 1209 656 ab
1234 593 1342 673 astriS,

466 717 510 784 Ut
533 738 655 803 quoque
679 724 828 789 materies
854 729 966 791 nostra
989 711 1063 790 hinc
1086 724 1246 809 demigrat
1269 730 1301 789 et
1323 723 1420 787 illinc.

464 949 550 1010 Plato
563 949 594 1008 in
609 949 719 1010 Timaeo
736 951 768 1011 it
797 971 942 1012 summum
952 953 1037 1012 deum
1050 953 1119 1013 dees
1139 953 1350 1029 alloquentem,
1361 974 1398 1014 ex
1413 952 1550 1014 Chaldaeo

423 1090 490 1132 rum
510 1075 636 1142 arcanis,
652 1076 822 1137 introducit:
844 1079 901 1137 l'es
914 1079 1036 1155 quibem
1049 1079 1239 1138 dissolubiles
1259 1083 1339 1153 estis,
1351 1098 1551 1157 neqzioqeom

423 1209 495 1252 uero
510 1193 726 1255 dissolvemini.
738 1194 791 1254 Cui
806 1195 892 1254 affine
907 1198 952 1254 est
964 1195 1132 1273 illud‚quod
1147 1197 1176 1255 in
1186 1196 1317 1272 vulgatis
1333 1197 1551 1257 divinismonu-

424 1315 531 1375 mentis
550 1317 687 1376 habetur.
702 1320 785 1378 Deus
798 1321 880 1378 stetit
892 1319 926 1378 ite
941 1321 1089 1396 sinoqoya
1104 1322 1250 1380 Deorum.
1265 1320 1327 1378 Hes
1342 1320 1428 1379 Plato
1450 1325 1550 1398 aperte

421 1431 560 1510 intelligit
578 1452 642 1494 esse
657 1439 746 1509 astra,
762 1454 836 1512 quae
849 1436 947 1495 emnia
958 1455 996 1498 ex
1007 1444 1134 1513 quatuor
1144 1440 1294 1517 integrata
1307 1440 1491 1518 intelligebat
1503 1446 1547 1522 (1)

421 1547 645 1622 elementis‚sed
658 1554 777 1626 propter
792 1551 951 1610 dominium
966 1552 1040 1611 lueis
1055 1554 1138 1630 ignes
1152 1557 1336 1616 habebantur
1350 1560 1457 1633 omnia,
1465 1579 1550 1637 prae-

420 1678 468 1734 ter
488 1675 602 1734 Lunam
628 1680 658 1735 et
678 1672 879 1735 antichlonam
901 1676 1070 1738 Tellurem:
1095 1681 1229 1759 similiter
1256 1680 1357 1740 divina
1378 1700 1550 1742 monumen-

421 1801 453 1858 ta
474 1798 624 1882 ministras
646 1799 702 1874 dei,
722 1799 769 1877 (⁴2)
789 1800 923 1860 flammas
944 1800 1022 1877 ignis
1036 1802 1197 1893 appellant
1215 1803 1316 1864 stellas
1337 1804 1427 1880 coeli,
1448 1808 1550 1882 quibus

421 1920 531 1981 similes
541 1923 601 1983 sint
616 1922 716 1982 Sancti
732 1924 808 2000 apud
825 1942 886 1996 nes,
901 1924 1035 1983 volucres
1050 1924 1134 1996 coeli,
1148 1927 1260 1984 terram
1271 1927 1444 2000 viventium,
1457 1946 1549 2005 aquas

421 2059 510 2118 super
533 2042 629 2102 coelos
651 2044 890 2119 obtemperantes
910 2041 1007 2100 ordini
1031 2041 1183 2101 altissimo.
1206 2043 1261 2102 illa
1282 2044 1421 2104 animalia
1441 2048 1465 2105 si
1491 2065 1548 2120 eo,

420 2180 476 2238 quo
491 2180 544 2221 nos
560 2161 1112 2239 dissolvimur,ordinecorrumpuntur,
1126 2167 1157 2222 ut
1168 2162 1280 2223 seilicet
1292 2165 1393 2222 eadem
1403 2166 1549 2225 elementa

419 2289 594 2349 eduliorum
616 2287 1095 2364 compositionemindividuorum,
1112 2287 1284 2346 excursione
1299 2289 1424 2364 quadam
1440 2269 1520 2346 facta*
1530 2307 1549 2346 a

419 2417 538 2495 proprio
559 2416 719 2494 supposito,
739 2413 900 2490 procedant
915 2410 993 2490 (boe
1015 2417 1094 2470 certe
1111 2412 1265 2483 nescimus,
1280 2415 1314 2469 ut
1335 2415 1414 2470 certe
1435 2411 1547 2470 scimus

420 2534 581 2613 composita
602 2553 676 2607 esse,
700 2537 730 2592 et
740 2533 951 2608 consequenter
967 2530 1158 2603 dissolubilia)
1170 2551 1177 2604 ;
1190 2527 1235 2608 (3)
1250 2532 1364 2588 certum
1379 2534 1547 2601 esttamen,

420 2658 499 2718 omni
519 2659 665 2717 indicante
690 2660 813 2726 natura,
828 2654 990 2730 polentiam
1004 2658 1171 2731 superstare
1192 2657 1223 2713 et
1244 2653 1459 2730 providentiam
1482 2654 1548 2712 inii-

420 2778 501 2838 nitae
522 2776 652 2849 virtutis
666 2793 741 2852 quae
762 2793 827 2833 oum
844 2774 966 2851 justitia
978 2775 1147 2832 moderatur
1166 2776 1261 2832 totum
1275 2775 1304 2831 in
1326 2773 1449 2844 infinito,
1464 2773 1548 2849 cujus

419 2896 573 2957 voluntale
593 2897 667 2955 haec
688 2895 718 2954 in
745 2896 927 2955 aeternitate
948 2895 1059 2971 possint
1070 2894 1180 2970 vigere,
1202 2895 1250 2954 vel
1271 2896 1396 2972 tempori
1417 2897 1546 2955 subesse.

418 3015 554 3075 Naturae
577 3033 665 3093 perro
691 3033 761 3075 suae
783 3014 925 3074 destituta
951 3033 1008 3072 non
1038 3031 1165 3089 unquam
1194 3020 1315 3091 possunt
1340 3020 1461 3074 aeterna
1484 3033 1547 3075 esse

420 3137 578 3198 secundum
600 3155 765 3210 numerum,
780 3137 850 3213 qnia
865 3156 965 3196 eorum
980 3137 1106 3213 singula,
1123 3142 1155 3196 nl
1169 3139 1213 3198 sel
1225 3146 1255 3199 et
1270 3140 1368 3213 tellus,
1379 3140 1464 3200 linita
1478 3147 1547 3200 sunt

418 3262 538 3334 virtute,
553 3259 709 3320 intrinseco
724 3260 850 3335 quodam
864 3277 882 3317 a
896 3257 1038 3335 principio
1061 3277 1117 3316 nen
1133 3264 1253 3335 pessunt
1279 3260 1387 3318 habere
1402 3279 1453 3319 sen
1469 3262 1546 3320 reci·

418 3398 487 3458 pere
502 3379 634 3438 effectum
651 3378 1036 3453 intinitnm‚consequuntus
1052 3378 1128 3434 enim
1144 3397 1175 3436 sc
1191 3380 1248 3436 tria
1263 3380 1343 3450 baec,
1355 3379 1435 3452 Esse,
1446 3382 1546 3454 Posse,

421 3504 555 3580 Operari.
571 3504 655 3562 Tunc
671 3502 744 3574 dice,
760 3501 784 3561 si
800 3500 941 3579 principia
952 3501 1047 3578 prima
1058 3501 1161 3559 herum
1174 3518 1329 3577 corporum
1344 3503 1475 3576 elliuunt;
1488 3521 1546 3561 cer·

418 3631 482 3688 tum
497 3631 552 3700 est,
564 3625 749 3686 successione
762 3627 887 3703 quadam
902 3625 931 3683 in
943 3624 1089 3684 inlinitum
1102 3630 1130 3684 et
1143 3625 1302 3684 universali
1314 3627 1472 3703 agitatione
1484 3646 1546 3685 mo-

418 3750 499 3823 veri,
519 3768 572 3827 per
591 3749 722 3825 singulos
743 3766 813 3807 vere
834 3765 1005 3826 progressus
1027 3753 1168 3826 perpetuo
1193 3752 1307 3809 certum
1334 3749 1546 3826 definitumque

417 3868 577 3928 terminum
599 3887 633 3929 ea
653 3868 804 3929 incurrere
822 3871 948 3947 oportet.

448 4086 480 4143 (1)
489 4087 506 4129 ll
516 4093 574 4131 testo
584 4087 620 4131 ha:
632 4090 803 4143 intellieebont.

445 4181 478 4237 (i)
489 4182 572 4230 Questa
581 4183 667 4236 virgeio
678 4196 758 4227 manca
766 4185 801 4227 nel
810 4191 878 4228 teste.

445 4275 475 4334 (3)
488 4277 527 4320 Nel
537 4283 594 4321 teste
605 4277 627 4319 la
638 4279 750 4332 perornesi
761 4279 779 4320 si
789 4278 868 4322 ebiude
878 4278 936 4334 depe
945 4282 1072 4334 corripesito
1083 4290 1138 4322 esse.
