3442 5108
742 305 917 363 -296-

313 502 452 574 Asseris,
478 506 513 568 nt
539 520 602 566 non
627 500 722 566 iuviti
745 495 946 564 concedimus
968 495 1000 556 et
1023 512 1101 571 n0s;

313 635 396 700 Nam
423 654 486 698 11011
511 635 580 719 ipsa
606 632 745 716 implent,
771 630 824 696 sed
849 650 921 696 cum
945 627 1151 713 replentibus,
1178 630 1273 711 inque

312 735 426 839 isdem,
452 761 501 847 (1)
526 781 589 826 non
616 760 718 825 veluti
742 766 852 843 partes
876 777 1066 822 concurrere
1091 760 1227 824 constat.

313 889 436 954 Verum
461 889 512 951 ubi
538 887 707 951 discrimen
734 885 835 951 tinitio
859 887 1001 951 continet
1023 884 1124 949 11111111

314 1016 412 1080 Proin
438 1014 561 1080 doceas:
587 1014 634 1099 (2)
658 1012 730 1096 qnid
755 1013 824 1097 plns
847 1009 963 1077 diffusa
988 1012 1034 1098 (3)
1062 1033 1119 1098 per
1146 1033 1222 1078 aera
1248 1012 1394 1098 lympha,

314 1146 375 1209 Vel
401 1143 520 1229 lignum
547 1143 577 1206 iu
600 1144 708 1226 spacio
732 1144 820 1208 tenet
844 1141 1030 1208 accedentia
1054 1141 1206 1226 praeter?

314 1269 449 1354 Lignum
475 1267 551 1354 (ais)
575 1271 624 1332 est
646 1265 771 1351 corpus,
796 1286 853 1351 per
878 1286 912 1330 se
936 1265 1089 1341 subsistit,
1116 1269 1150 1331 at
1173 1263 1228 1327 illa

313 1400 350 1463 In
376 1398 497 1484 reliquo
522 1398 642 1483 lignum
667 1397 809 1471 densum,
834 1396 949 1461 durum
975 1402 1070 1480 atque
1095 1396 1258 1470 resistens

314 1533 428 1616 Sicque
451 1532 640 1607 coloratum,
666 1531 723 1594 lux
748 1550 781 1594 se
806 1550 868 1594 non
892 1530 1029 1595 sustinet
1045 1528 1125 1612 ipsa,

314 1663 387 1726 Lux
415 1661 481 1728 abit
503 1665 536 1724 in
562 1660 697 1726 nihilum
723 1680 910 1737 vanescens,
935 1661 1143 1742 materiesque
1169 1661 1217 1722 est

314 1792 435 1877 Lignea
448 1764 647 1875 'perdurans
673 1790 737 1855 alia
760 1787 1006 1871 redimendasque
1030 1785 1145 1852 forma.

314 1919 429 1986 Omnia
452 1918 591 1985 concedo
614 1919 706 2001 haec,
732 1924 929 2003 centenaque
946 1918 1051 1984 'millia
1076 1920 1177 2004 plura,

313 2048 490 2114 Dummodo
516 2052 704 2115 continuum
729 2055 838 2135 partes
862 2050 1028 2133 linquatur
1050 2051 1082 2114 iu
1107 2071 1226 2115 onmes.

312 2181 396 2246 Nam
420 2199 526 2264 sapor,
553 2183 649 2263 atque
674 2180 783 2261 color,
807 2181 963 2265 gravitas,
987 2180 1143 2258 densatio,
1170 2187 1287 2249 cuncta
1312 2182 1393 2250 haec

312 2313 386 2378 Non
411 2314 514 2375 miuus
539 2311 693 2377 accedunt
716 2311 803 2396 ligno
829 2313 1006 2396 spacioque,
1032 2333 1091 2377 nec
1115 2315 1183 2396 ipsa

313 2441 434 2505 Perse
459 2440 647 2516 consistunt,
672 2460 767 2522 quam
791 2440 842 2524 (4)
868 2439 934 2515 lux,
959 2439 1055 2515 calor,
1081 2439 1183 2526 algor,
1209 2441 1359 2525 odorque:

311 2568 378 2633 Neo
402 2568 507 2652 magis
531 2572 580 2633 est
604 2558 756 2633 constans
781 2568 930 2652 quidquid
956 2569 1078 2656 lignum
1093 2570 1179 2650 ¹facit
1201 2591 1280 2648 esse,

313 2693 417 2766 Quam
441 2694 590 2777 quidquid
614 2694 676 2759 luci
699 2695 845 2779 perbibet
868 2715 1003 2781 quoque,
1029 2703 1064 2763 ut
1088 2698 1156 2782 ipsa
1179 2699 1221 2764 sit
1244 2698 1322 2782 ipsa.

312 2824 391 2889 Post
413 2823 536 2890 obitum
558 2825 637 2910 ligni
659 2823 800 2890 subsidet
825 2828 913 2891 terra
941 2825 992 2891 vet
1015 2824 1141 2906 humor,

313 2958 357 3018 At
381 2972 444 3016 non
470 2951 507 3017 de
532 2951 611 3017 tucis
634 2954 736 3038 specie
760 2952 912 3021 subsistit
936 2953 1069 3019 abactae

312 3081 498 3164 Quicquam,
525 3082 606 3165 quod
631 3082 730 3148 lucem
755 3085 824 3167 quis
848 3084 896 3170 (5)
921 3082 1082 3149 affirmare
1107 3085 1213 3149 fuisse.

314 3210 380 3274 Nec
404 3209 553 3275 volumus
576 3210 678 3295 plane,
703 3231 805 3295 neque
828 3231 996 3296 possumus
1021 3215 1082 3279 ista
1105 3235 1237 3300 negare.

312 3337 432 3401 Verum
458 3337 541 3421 quod
567 3337 693 3413 residet,
719 3338 865 3422 quodque
889 3344 938 3403 est
961 3339 1143 3408 substantia
1168 3362 1285 3420 rerum,

229 3553 231 3557 y
312 3468 436 3553 Corpus
464 3468 632 3534 Aristoteli
656 3474 807 3547 nonest,
832 3441 1040 3553 neque'mole
1064 3476 1220 3538 notatum.

311 3596 409 3663 Nulla
432 3595 596 3662 dividuum
621 3596 765 3661 aitirmat
788 3598 914 3662 ratione
937 3598 1073 3678 subesse,

315 3729 467 3797 Materies
493 3752 603 3816 nempe
625 3736 674 3798 est
698 3753 805 3797 rerum
830 3732 1010 3801 substantia
1034 3738 1199 3821 quaedam,

294 3998 322 4054 (l)
335 3999 416 4042 liteato
427 3998 461 4040 hu:
477 3999 571 4039 lisdem.

295 4093 326 4147 (a)
339 4093 346 4133 l
356 4092 398 4134 due
408 4091 468 4146 ponti
478 4102 588 4133 mancam
598 4089 634 4133 nel
644 4097 708 4134 testo.

292 4183 324 4237 13)
335 4182 353 4223 11
362 4189 420 4225 testo
430 4181 472 4224 hu:
488 4182 589 4226 dr'esusu.

294 4278 324 4329 (t)
341 4274 356 4317 11
370 4276 478 4318 restolio:
491 4288 569 4328 quarn.
603 4317 607 4324 ,

294 4374 325 4428 (51
343 4369 399 4423 Quis
414 4373 516 4426 ‹lnquea
