3442 5108
770 331 949 392 -175-

297 517 342 592 de
359 516 485 617 incipit
505 522 541 591 et
560 518 597 594 in
618 543 730 620 quem
747 520 829 597 finit
851 520 908 625 (l)
930 526 1052 598 motus
1081 524 1174 622 eiua,
1196 528 1293 627 quod
1310 526 1426 603 circu·

298 643 427 732 lariter
455 646 586 738 fertur,
605 670 679 723 non
698 645 822 738 efficit,
839 655 881 726 ut
898 651 1123 728 recentiores
1141 655 1345 730 astronomi
1365 657 1424 731 ad-

296 772 481 846 testentur
502 771 615 873 hujus
635 773 793 850 hominis
816 775 1087 878 philosophiam
1102 777 1140 855 in
1159 779 1217 867 iis,
1238 804 1332 882 quae
1350 804 1426 857 mo

297 898 401 975 dicae
416 901 654 1003 antiquorum
670 907 971 981 astronomorum
982 907 1239 984 observantiae
1258 907 1423 1005 deerant,

297 1054 378 1104 osse
397 1030 615 1108 fundatam?

742 1313 860 1366 nnrlc.
881 1314 980 1365 nxm.

349 1540 533 1632 Mundus,
552 1565 663 1643 quem
680 1543 823 1646 antiqui
842 1543 1145 1646 philosophorum
1166 1549 1339 1647 parentes
1359 1570 1420 1649 ge·

298 1672 418 1748 nilum
437 1696 518 1748 esse
537 1671 676 1764 dicunt,
695 1674 1004 1775 postmodumque
1018 1673 1297 1775 sempiternum,
1325 1674 1422 1751 inter

298 1824 389 1901 equos
410 1805 467 1874 est
480 1797 736 1900 Empedocles,
752 1823 825 1876 non
845 1805 902 1875 cst
922 1799 1222 1886 universum,sed
1241 1798 1333 1876 haec
1348 1824 1423 1875 ma·

296 1925 407 2000 china
435 1924 593 2026 huicque
613 1925 808 2002 machinae
823 1924 972 2015 similes
993 1925 1037 2000 de
1057 1925 1136 2028 ipsa
1154 1948 1301 2027 quoque
1320 1931 1358 2000 et
1377 1926 1421 2000 de

296 2054 366 2156 ipsi
386 2054 566 2131 similibus
586 2055 727 2130 dictum
745 2054 966 2156 intelligitur
984 2052 1028 2128 dc
1055 2051 1317 2155 generationis
1345 2077 1423 2128 cor-

297 2180 553 2283 ruptionisque
583 2180 853 2272 uicissitudine,
881 2204 993 2281 quam
1021 2178 1127 2255 novit
1154 2181 1421 2277 Anaxagoras:

295 2333 453 2409 quorum
472 2313 649 2384 neutrum
669 2307 859 2410 quippiam
888 2310 1018 2383 contra
1049 2309 1205 2382 naturae
1238 2305 1421 2382 rationem

296 2435 469 2510 adserere
496 2432 772 2527 confirmamus,
793 2438 991 2535 utrumqne
1018 2433 1116 2508 enim
1144 2435 1245 2510 recte
1263 2431 1423 2535 philoso

298 2560 498 2661 phantibus
533 2557 681 2660 probari
713 2583 822 2662 posse
856 2559 1116 2661 conspicimus.
1151 2560 1207 2636 De
1244 2559 1420 2635 universo

299 2716 386 2766 uero
398 2695 493 2792 quod
512 2690 761 2791 ingenerabile
779 2692 828 2769 sit
847 2699 885 2768 et
904 2689 1195 2793 incorruptibile,
1215 2715 1325 2766 nemo
1346 2686 1422 2790 pbi-

297 2818 537 2921 losophorum
558 2822 695 2922 estqui
715 2823 958 2899 contenderit:
974 2846 1103 2899 eorum
1119 2821 1269 2924 inquam
1288 2818 1349 2920 qui
1371 2819 1422 2894 in·

298 2958 355 3026 ter
383 2951 601 3028 universum
634 2957 744 3055 atque
763 2954 922 3030 nmndos
941 2951 1139 3028 discrimen
1159 2949 1311 3032 faciunt,
1333 2947 1420 3049 qui·

297 3103 368 3178 quo
401 3077 581 3154 infinitam
616 3080 862 3158 substantiam
890 3079 1159 3181 cognoverunt.
1188 3073 1279 3150 lllud
1309 3099 1420 3175 ergo.

297 3206 393 3307 quod
413 3231 459 3283 ex
479 3204 689 3286 inordinato
719 3211 857 3287 factum
877 3233 959 3285 esse
978 3206 1193 3284 ordinatum
1211 3204 1359 3293 dicitur,
1375 3204 1420 3279 ad

296 3335 540 3436 particulares
550 3337 707 3414 mundos
720 3338 880 3415 refertur
898 3343 935 3414 et
955 3336 1130 3414 animalia
1148 3336 1341 3438 quaedam:
1359 3358 1423 3409 un-

297 3467 401 3543 dein
432 3467 606 3544 universo
633 3493 708 3545 non
736 3469 904 3570 sequitur
932 3465 1123 3569 generatio
1152 3470 1189 3542 et
1216 3463 1420 3565 corruptio.

296 3594 358 3669 scd
388 3595 468 3693 ejus
486 3594 735 3697 dispositionis
763 3595 925 3672 conditio
954 3603 991 3672 et
1011 3595 1047 3670 in
1067 3595 1147 3694 ejus
1173 3592 1341 3695 partibus
1372 3589 1422 3664 vi-

296 3721 473 3797 cissitudo
498 3727 534 3798 et
564 3722 666 3798 ordo.
696 3724 750 3800 lta
778 3729 816 3799 ot
844 3718 1170 3825 proportionaliter
1204 3720 1273 3795 hoc
1306 3721 1421 3807 astro,
1518 3738 1529 3747 ·’

297 3849 393 3950 quod
409 3848 616 3943 incolimus
636 3848 693 3954 (2)
712 3875 786 3927 uno
807 3850 1009 3951 eodemque
1025 3873 1092 3925 sno
1112 3847 1220 3923 modo
1239 3870 1418 3948 perseve-

297 3983 413 4067 rante,
443 3977 671 4070 animalium,
707 3978 930 4081 plantarum,
960 3977 1190 4076 aliorumque
1219 3971 1420 4048 multorum

335 4160 381 4242 (1)
397 4163 420 4222 ll
436 4162 562 4221 testona
575 4163 659 4240 finis:
673 4161 694 4219 il
709 4159 832 4222 Gsrhrer
846 4162 929 4238 finit,
942 4177 1024 4220 come
1040 4157 1132 4235 parmi
1148 4157 1243 4216 debba
1255 4159 1423 4213 veramente

294 4265 366 4326 dire.
772 4355 778 4364 ἱ

336 4373 378 4448 (2)
394 4371 418 4431 ll
432 4370 554 4431 Glrbrer
568 4388 718 4446 corregge:
734 4373 765 4428 in
781 4387 845 4428 veno
859 4374 914 4429 otc.
