3442 5108
779 324 949 383 -304-

325 510 416 584 Quod
441 510 528 575 nulla
544 511 644 595 possit
667 510 838 595 Stagyrita
862 509 1030 577 ostendere
1056 517 1153 587 sorte,

326 635 477 726 Conjecto
510 660 529 703 a
553 645 621 704 toto
646 640 707 704 hoc
732 639 867 703 nihilum
891 660 1068 724 superesse,
1092 647 1124 706 et
1147 640 1249 706 eidem

327 773 496 860 Adjectum
523 776 691 857 quicquam
709 773 831 837 lrustra
853 772 1006 858 fingatur,
1025 779 1057 840 11
1080 779 1187 840 exstet

326 900 382 965 Ille
406 920 627 985 supervacuus
652 899 793 965 mundus
817 901 870 983 qui
895 899 1098 984 subjiciatur.

323 1031 464 1098 Perfecti
492 1034 577 1098 ratio
602 1031 727 1096 numeri
751 1050 815 1095 non
839 1038 899 1107 est,
924 1031 1000 1114 quia
1020 1024 1132 1113 'plures

324 1163 397 1229 Nou
420 1166 497 1227 suut
520 1181 614 1246 quam
639 1169 716 1245 quot
739 1166 836 1238 sunt,
860 1180 1013 1225 uumerus
1037 1179 1136 1242 neque
1160 1158 1289 1242 parcior
1321 1158 1407 1235 isto;

323 1290 385 1356 Sed
408 1297 597 1356 numerator
619 1292 682 1357 erit
704 1287 852 1375 perfecte,
876 1296 910 1355 et
933 1296 1101 1372 computus
1125 1286 1206 1372 ejus.
1277 1367 1281 1375 Ι

323 1420 411 1504 Ergo
434 1420 508 1484 licet
531 1418 642 1483 mundi
664 1423 771 1503 partes
793 1418 996 1504 prospexerit
1019 1434 1138 1496 omnes,

231 1565 233 1568 ’
323 1555 457 1640 Digerat
480 1560 513 1619 et
536 1575 644 1620 rerum
669 1573 835 1618 numerum
859 1555 985 1636 sapiens
1010 1551 1051 1615 ad
1075 1554 1245 1632 amussim,

318 1686 502 1751 Persectam
529 1684 656 1761 tribuet,
681 1703 745 1748 nou
771 1682 900 1768 perlecti
925 1685 1093 1749 rationem.

320 1818 490 1883 Gnosticus
514 1820 546 1881 et
570 1816 681 1880 Manes
704 1813 866 1888 mundum,
891 1816 944 1897 qui
970 1833 1104 1897 corpore
1130 1816 1268 1888 constat,

320 1948 483 2012 Oceanum
510 1965 572 2009 uon
594 1965 662 2009 esse
687 1943 772 2018 mali,
790 1942 850 2007 sibi
874 1963 967 2029 posse
992 1941 1120 2027 probari

318 2071 495 2155 Desperant
520 2088 677 2153 prorsum.
703 2068 892 2151 Samiusque
917 2067 1124 2153 philosophus
1141 2086 1268 2151 anceps,

319 2200 369 2265 Ex
393 2198 534 2285 perlecto
551 2200 759 2264 commixtum
775 2203 867 2264 notat
885 2195 1143 2281 imperfectoque,

318 2321 409 2386 Unde
433 2322 508 2386 mali
532 2328 627 2405 atque
652 2321 724 2385 honi
748 2322 862 2386 seriem
887 2321 1105 2405 duplicemque
1129 2321 1265 2405 reponit.

364 2453 397 2519 Si
421 2447 661 2535 quaerasz'cur
684 2453 725 2517 sit
748 2451 905 2536 perlectus
929 2452 1086 2518 muudus?
1109 2460 1142 2518 et
1164 2453 1239 2517 illud

315 2581 406 2645 Tunc
429 2578 539 2644 audire
565 2580 647 2643 licet:
672 2580 747 2661 quia
772 2598 834 2643 uon
858 2578 968 2646 finitur
992 2580 1032 2644 ad
1056 2580 1165 2645 ullum.

308 2710 410 2774 'Ultra
433 2710 459 2773 si
481 2728 640 2791 quaeras:
666 2728 723 2772 cur
746 2726 811 2772 uon
835 2706 945 2775 finitur
968 2707 1008 2772 ad
1032 2708 1158 2773 ullum?

316 2842 406 2905 Tunc
429 2839 564 2917 releret;
589 2842 738 2924 quoniam
762 2838 923 2925 perlectus
948 2841 1082 2906 mundus
1108 2842 1267 2910 habetur:

314 2971 366 3037 Sic
389 2971 474 3036 ratio
497 2976 547 3037 est
570 2972 652 3036 ratio
680 2972 808 3048 rationi,
834 2970 980 3054 quodque
1005 2978 1078 3039 erat
1101 2980 1177 3040 ante

317 3098 524 3182 Principium,
549 3095 656 3162 evadit
679 3097 851 3162 conclusio:
877 3098 1014 3163 circulus
1039 3105 1149 3184 estque
1200 3119 1207 3132 ·

314 3232 387 3297 Non
413 3236 652 3317 geometrarum
677 3232 708 3294 in
733 3250 865 3295 morem:
893 3231 1047 3313 siquidem
1072 3233 1278 3318 physicorum

313 3360 380 3424 Vix
407 3358 516 3423 eadem
542 3361 624 3425 ratio
649 3365 707 3441 est,
733 3361 790 3424 nisi
814 3358 950 3425 forsitan
964 3383 1005 3426 ex
1028 3363 1202 3430 elementis:
1229 3367 1280 3451 (l)

315 3490 345 3554 lt
370 3508 472 3573 vapor
495 3489 527 3551 in
551 3486 726 3572 lympham,
751 3488 884 3573 lympha
907 3490 990 3556 redit
1016 3493 1108 3575 inque
1131 3515 1294 3579 vaporem.

312 3616 412 3680 Proin
439 3614 527 3680 velut
550 3613 692 3680 efficiens
715 3614 792 3681 fucit
815 3616 901 3682 hunc
925 3623 973 3684 111
996 3620 1154 3704 partibus,
1184 3624 1266 3689 idem

313 3740 496 3810 Perfectum
522 3761 585 3807 nou
608 3747 657 3809 tot
680 3742 775 3807 credo
799 3747 939 3829 potuisse
963 3768 1083 3812 creare.

282 3936 287 3944 ,
311 3872 417 3954 mque
441 3871 535 3937 aliter
558 3874 585 3936 si
610 3870 789 3949 conflasset,
815 3896 889 3939 1111
913 3878 987 3960 quid
1013 3879 1202 3964 prohiberet

312 4000 488 4074 Qnoniinns
511 4008 543 4064 11
563 4001 676 4065 melius
700 4007 873 4080 constaret,
902 4024 996 4088 quam
1020 4009 1113 4074 modo
1135 4015 1288 4081 constatl

310 4126 456 4211 Namque
479 4128 560 4193 adeo
585 4128 661 4193 nihil
684 4150 751 4195 esse
779 4129 894 4196 bonum
924 4135 1019 4212 valet,
1048 4144 1083 4202 ut
1110 4141 1232 4208 meliori

293 4398 323 4460 (l)
335 4400 374 4446 Nol
384 4410 441 4450 testo
451 4405 457 4448 i
467 4402 510 4447 due
519 4405 578 4462 puuti
589 4418 631 4449 nou
644 4407 662 4450 ci
672 4420 732 4461 11111.
