3442 5108
694 1191 1019 1356 onngrro

349 2023 404 2098 De
424 2020 520 2099 Solis
539 2021 733 2113 claritate,
753 2022 816 2121 qui
844 2025 902 2097 est
921 2023 1095 2100 sensibile
1123 1973 1425 2143 illustrissimum,

296 2147 553 2251 (Amplissime
581 2147 626 2222 D.
646 2147 810 2239 Rector‚
830 2146 882 2223 ill.
906 2147 986 2223 DD.
1010 2148 1089 2224 BB.
1110 2149 1290 2226 Doctores
1318 2139 1481 2260 cele-'j

293 2272 458 2365 berrimi‚
478 2277 592 2374 atque
610 2272 850 2349 Professores
869 2330 878 2364 ,
899 2272 1110 2376 caeterique
1137 2273 1356 2349 nobilissimi
1384 2265 1421 2349 et'
1441 2258 1561 2377 ‘3525
1584 2373 1593 2387 .

295 2399 500 2477 doctissimi
520 2399 736 2502 auditores),
756 2399 801 2475 de
829 2399 995 2476 universi
1023 2399 1294 2501 magnitudine,
1323 2400 1421 2501 quod
1496 2391 1579 2469 ‘f'

295 2532 352 2605 est
375 2527 477 2603 omni
496 2528 641 2603 ratione
660 2503 824 2603 dictante
844 2526 1062 2620 maximum,
1083 2527 1128 2603 de
1143 2525 1422 2628 magnificentia

294 2653 361 2729 Dei
378 2677 489 2755 quam
505 2652 585 2755 ipsa
599 2655 734 2728 natura
753 2652 983 2730 vociferante
993 2653 1207 2754 judicamus
1221 2651 1420 2744 infinitam,

295 2781 377 2884 quis
405 2806 477 2857 non
506 2785 646 2857 temere
674 2778 820 2883 (utpote
848 2781 1025 2857 derebus
1045 2803 1170 2881 perse
1198 2775 1421 2880 manifestis)

294 2910 410 2984 verba
429 2908 551 2984 facere
568 2907 770 3016 uidebitur?
789 2908 965 3011 Nunquid
993 2931 1104 2984 voces
1129 2932 1224 3008 quae
1252 2910 1364 2983 notae
1384 2909 1422 2981 et

295 3034 403 3135 signa
422 3034 604 3136 quaedam
623 3038 711 3110 sunt
726 3058 870 3122 rerum,
885 3038 923 3110 et
942 3058 1083 3126 earum,
1095 3057 1191 3135 quae
1209 3031 1270 3108 vel
1284 3034 1422 3107 natura

296 3159 434 3234 inditae
464 3159 524 3235 vel
543 3185 614 3235 usu
635 3160 865 3262 conquisitae
884 3164 985 3252 sunt,
1004 3160 1213 3250 notionum,
1234 3157 1316 3259 plus
1331 3157 1423 3232 indi·

296 3311 395 3378 care,
405 3311 516 3386 quam
531 3287 612 3389 ipsa
630 3287 926 3388 significatorum
941 3286 1153 3389 praesentia
1167 3289 1205 3362 et
1220 3282 1421 3373 evidentia,

295 3410 472 3487 valebunt
483 3414 497 3487 't
519 3411 637 3496 Quale
656 3412 773 3515 igitur
792 3439 862 3516 ogo
881 3438 1016 3516 operae
1035 3412 1202 3514 precium
1221 3410 1329 3501 facie,
1358 3408 1421 3485 ubi

296 3539 458 3640 Sophiae
472 3539 600 3616 laudes
615 3540 1022 3636 adorsus‚tenebricosa
1036 3562 1205 3615 meorum
1220 3538 1422 3613 verborum

296 3666 431 3769 specie,
458 3666 504 3740 ad
524 3672 651 3742 tantae
669 3667 762 3743 lucis
791 3666 975 3766 fulgorem
1003 3663 1254 3755 indicandum,
1283 3688 1421 3739 nervos

295 3792 488 3868 intendere
508 3791 704 3868 inveniar?
733 3793 1004 3869 Verumtamen
1023 3815 1092 3866 vos
1112 3789 1203 3865 mihi
1232 3787 1422 3864 condona-

295 3924 401 3995 turos
421 3944 541 4021 sper0‚
562 3918 859 4022 quandoquidem
893 3918 945 3993 ita
969 3917 1007 3993 in
1027 3942 1130 3994 more
1149 3916 1313 4017 positum
1342 3941 1424 3993 osse

296 4044 458 4135 videtur,
479 4050 520 4120 ut
540 4043 842 4120 manifestissima
865 4042 1019 4118 dicendo
1047 4043 1289 4118 obscuremus
1306 4098 1315 4132 ,
1335 4040 1423 4115 dum

298 4172 343 4246 de
361 4168 607 4247 ineffabilibus
623 4169 768 4247 effiindo
789 4193 1020 4258 exercemur,
1036 4172 1073 4244 et
1093 4171 1283 4268 utcunque
1298 4164 1425 4242 balbu-

297 4296 422 4376 tiendo
440 4303 588 4401 tompus
615 4297 849 4374 insumimus.
870 4293 1047 4372 Laudabo
1073 4293 1187 4388 illam,
1207 4292 1237 4369 si
1258 4317 1332 4395 qua
1359 4295 1422 4368 ta·
