3442 5108
670 362 674 367 .
748 305 928 364 -174-

293 489 393 582 libet,
416 499 542 569 adrem
570 492 769 585 infinitum,
790 500 832 571 ut
850 517 966 572 unum
991 497 1222 593 continuum,
1241 499 1300 603 (l)
1317 501 1424 579 intel·

292 619 452 721 ligimus3
473 626 579 698 extra
600 621 815 699 universum
830 627 957 700 :tutem
976 649 1109 703 revera
1127 651 1197 704 nec
1211 625 1326 719 locus,
1349 655 1420 707 nec

292 748 455 850 plenum,
485 776 606 854 neque
624 758 771 854 tempus
800 753 923 830 datur:
943 754 1041 854 qnod
1069 754 1302 834 manifestius
1318 760 1422 858 patet

294 899 341 950 ex
360 898 417 968 eo,
438 877 534 977 quod
556 878 837 956 interminatum
856 881 1030 981 quiddam
1048 890 1119 971 est,
1139 910 1252 986 quam
1279 911 1327 963 ex
1345 885 1417 962 alia

293 1031 418 1100 causa,
439 1033 533 1109 quae
552 1010 668 1112 possit
686 1013 732 1088 ab
760 1011 959 1090 Aristotele
978 1014 1130 1116 produci
1150 1016 1188 1093 in
1217 1017 1391 1095 medinm.

744 1291 865 1343 nuuc
887 1292 962 1344 um.

347 1515 418 1592 llic
445 1540 564 1617 neque
592 1516 748 1618 ipsemet
774 1546 814 1597 se
841 1523 989 1600 noverit
1012 1523 1219 1615 extricare,
1248 1527 1278 1604 si
1307 1555 1420 1633 coga-

293 1650 356 1724 tur
384 1646 516 1724 afferre
542 1649 714 1731 modum.
747 1677 820 1755 quo
848 1658 956 1730 extra
983 1654 1162 1731 mundum
1195 1661 1253 1732 cst
1279 1656 1419 1760 aliquid

294 1803 368 1854 non
386 1801 595 1871 senescens.
624 1779 956 1873 intransmutabile,
980 1780 1223 1875 inalterabile,
1252 1782 1421 1886 impassi-

294 1905 571 2011 bile,optimam
592 1907 707 1984 vitam
727 1909 879 2001 habens,
899 1933 964 2011 per
983 1933 1022 1984 se
1041 1905 1240 1997 sufficiens,
1265 1911 1418 2010 totoque

295 2062 389 2113 aevo
407 2060 664 2139 perseverane
684 2036 878 2121 Quomodo
898 2039 998 2114 enim
1013 2061 1068 2130 ea,
1081 2060 1176 2138 quae
1194 2034 1248 2112 illi
1265 2035 1419 2114 minime

295 2163 501 2242 materialia
530 2167 628 2256 sunt,
647 2189 722 2241 non
755 2165 837 2241 ideo
864 2164 970 2241 finita
989 2168 1027 2241 et
1054 2187 1234 2265 corporea
1260 2161 1420 2265 intelligi

213 2329 217 2336 ·
295 2297 463 2395 possunt,
482 2317 565 2369 cum
581 2293 627 2368 ad
647 2297 787 2369 certam
805 2291 888 2383 loci,
908 2292 1075 2394 situsque
1095 2291 1343 2369 differentiam
1361 2317 1419 2368 re

294 2420 508 2497 vertantur?
528 2421 711 2520 quomodo
731 2418 901 2497 sensibile
920 2419 1075 2523 intelligi
1091 2424 1213 2522 potest
1227 2419 1335 2497 locali
1353 2420 1419 2497 dis·

297 2549 454 2626 l'erentia
471 2549 518 2623 ab
537 2547 757 2650 intelligibili
778 2550 994 2627 terminarit

740 2827 859 2879 Alt'l'lC.
879 2826 967 2877 LXII.

350 3056 491 3161 Cur(2)
506 3058 594 3134 item
613 3055 867 3133 incessabilem
891 3062 1035 3131 motum
1054 3053 1100 3129 ad
1119 3053 1342 3133 diviniorem
1363 3082 1419 3133 ra-

297 3189 439 3267 tionem
454 3185 577 3289 potius
592 3183 731 3260 referre
741 3180 874 3284 potuit,
890 3181 1063 3283 quemad
1078 3180 1331 3263 infirmiorem.
1347 3183 1419 3260 nisi

298 3317 386 3420 quia
412 3342 497 3393 cum
516 3313 573 3419 (3)
592 3312 751 3414 vulgari,
771 3337 902 3388 sensus
920 3314 1199 3414 perturbatione
1217 3313 1365 3391 ducitur
1383 3319 1421 3391 et

297 3447 466 3525 aberrat?
483 3444 560 3523 Cur
579 3441 692 3518 etiam
710 3440 808 3543 qnod
827 3439 984 3517 eundem
1003 3440 1092 3517 dicit
1110 3467 1191 3518 esse
1210 3441 1343 3534 locum,
1355 3466 1421 3518 un-

336 3641 379 3716 (1)
394 3637 419 3696 Il
433 3641 563 3711 Glrorer,
575 3652 661 3699 senza
675 3635 828 3694 intendere
842 3632 863 3692 il
876 3649 1120 3709 senso,corregge
1133 3635 1203 3693 cosi:
1212 3636 1320 3696 Extra
1334 3652 1421 3694 irracu-

296 3743 410 3804 dorum
423 3758 514 3811 vero,
534 3743 641 3816 utpote
663 3742 840 3807 asnorum,
864 3733 1032 3811 quotalibet
1057 3749 1160 3795 aerem
1187 3736 1370 3811 r‘ufiur'tum,
1391 3742 1423 3794 et

297 3865 399 3907 unum
409 3847 607 3906 continuum.

336 3952 382 4033 (2)
397 3954 423 4013 ll
436 3951 560 4011 Gsrorer
573 3962 723 4024 corrcggo:
742 3943 864 4016 Quidni,
878 3944 982 4002 invoco
992 3940 1021 4001 di
1039 3944 1112 4000 Cur.

337 4055 381 4136 (3)
394 4055 420 4115 ll
432 4051 553 4113 Gfrdrer
566 4048 713 4127 supprime
726 4046 832 4106 ileum
845 4043 953 4122 perche
966 4060 1023 4101 non
1038 4041 1060 4102 s'
1074 4058 1197 4117 accorge
1220 4042 1275 4100 che
1303 4041 1322 4100 il
1347 4058 1421 4100 curn

297 4159 425 4235 culpari
435 4155 506 4216 vuol
516 4155 581 4215 dire
591 4172 646 4213 oon
659 4153 678 4211 l'
687 4168 773 4211 nomo
786 4148 834 4209 del
845 4148 969 4224 volgae
983 4165 1042 4206 non
1055 4146 1210 4207 s'accorda
1223 4163 1276 4205 con
1287 4154 1421 4222 pertur-

298 4257 426 4315 batione.
441 4255 465 4313 ll
478 4258 555 4314 testo
568 4255 738 4311 veramente
751 4248 827 4326 dopo
840 4248 969 4324 culpari
979 4264 1036 4306 non
1049 4249 1140 4307 mette
1155 4243 1291 4320 virgola:
1319 4247 1358 4304 da
1372 4246 1420 4320 qui

297 4356 326 4414 lo
339 4355 452 4433 sbaglio
466 4355 513 4415 del
527 4353 657 4413 Glrdrer.
