<?xml version="1.0" encoding="UTF-8"?>
<!DOCTYPE html PUBLIC "-//W3C//DTD XHTML 1.0 Transitional//EN"
    "http://www.w3.org/TR/xhtml1/DTD/xhtml1-transitional.dtd">
<html xmlns="http://www.w3.org/1999/xhtml" xml:lang="en" lang="en">
 <head>
  <title>
</title>
<meta http-equiv="Content-Type" content="text/html;charset=utf-8" />
  <meta name='ocr-system' content='tesseract 3.04.00' />
  <meta name='ocr-capabilities' content='ocr_page ocr_carea ocr_par ocr_line ocrx_word'/>
</head>
<body>
  <div class='ocr_page' id='page_1' title='image "./jordanibruninol04brungoog_0301.png"; bbox 0 0 3442 5108; ppageno 0'>
   <div class='ocr_carea' id='block_1_1' title="bbox 896 319 1075 388">
    <p class='ocr_par' dir='ltr' id='par_1_1' title="bbox 896 319 1075 388">
     <span class='ocr_line' id='line_1_1' title="bbox 896 319 1075 388; baseline -0.006 -1"><span class='ocrx_word' id='word_1_1' title='bbox 896 319 1075 388; x_wconf 72' lang='lat'><strong>-251-</strong></span> 
     </span>
    </p>
   </div>
   <div class='ocr_carea' id='block_1_2' title="bbox 462 514 1431 1243">
    <p class='ocr_par' dir='ltr' id='par_1_2' title="bbox 462 514 1226 728">
     <span class='ocr_line' id='line_1_2' title="bbox 462 514 1226 612; baseline -0.02 -19"><span class='ocrx_word' id='word_1_2' title='bbox 462 528 623 612; x_wconf 82' lang='lat' dir='ltr'>Principio</span> <span class='ocrx_word' id='word_1_3' title='bbox 647 525 816 588; x_wconf 83' lang='lat' dir='ltr'>adsumens</span> <span class='ocrx_word' id='word_1_4' title='bbox 841 521 963 587; x_wconf 88' lang='lat' dir='ltr'>technis</span> <span class='ocrx_word' id='word_1_5' title='bbox 987 518 1120 581; x_wconf 76' lang='lat' dir='ltr'>illudere</span> <span class='ocrx_word' id='word_1_6' title='bbox 1144 514 1226 580; x_wconf 87' lang='lat' dir='ltr'>fictis</span> 
     </span>
     <span class='ocr_line' id='line_1_3' title="bbox 463 642 1162 728; baseline -0.02 -9"><span class='ocrx_word' id='word_1_7' title='bbox 463 654 649 728; x_wconf 69' lang='lat' dir='ltr'>Continuus</span> <span class='ocrx_word' id='word_1_8' title='bbox 675 656 707 715; x_wconf 92' lang='lat' dir='ltr'>et</span> <span class='ocrx_word' id='word_1_9' title='bbox 731 650 768 712; x_wconf 91' lang='lat' dir='ltr'>de</span> <span class='ocrx_word' id='word_1_10' title='bbox 793 650 916 713; x_wconf 87' lang='lat' dir='ltr'>coelato</span> <span class='ocrx_word' id='word_1_11' title='bbox 940 644 1060 710; x_wconf 81' lang='lat' dir='ltr'>facibus</span> <span class='ocrx_word' id='word_1_12' title='bbox 1085 642 1162 707; x_wconf 89' lang='lat' dir='ltr'>orbe</span> 
     </span>
    </p>

    <p class='ocr_par' dir='ltr' id='par_1_3' title="bbox 464 773 1311 856">
     <span class='ocr_line' id='line_1_4' title="bbox 464 773 1311 856; baseline -0.02 -9"><span class='ocrx_word' id='word_1_13' title='bbox 464 781 635 847; x_wconf 74' lang='lat' dir='ltr'>Constituis</span> <span class='ocrx_word' id='word_1_14' title='bbox 661 783 762 845; x_wconf 87' lang='lat' dir='ltr'>totum</span> <span class='ocrx_word' id='word_1_15' title='bbox 787 776 842 843; x_wconf 89' lang='lat' dir='ltr'>tibi</span> <span class='ocrx_word' id='word_1_16' title='bbox 866 774 989 850; x_wconf 84' lang='lat' dir='ltr'>mobile,</span> <span class='ocrx_word' id='word_1_17' title='bbox 1014 773 1107 856; x_wconf 87' lang='lat' dir='ltr'>quale</span> <span class='ocrx_word' id='word_1_18' title='bbox 1131 787 1311 855; x_wconf 88' lang='lat' dir='ltr'>repressum</span> 
     </span>
    </p>

    <p class='ocr_par' dir='ltr' id='par_1_4' title="bbox 464 895 1431 1243">
     <span class='ocr_line' id='line_1_5' title="bbox 464 895 1431 990; baseline -0.018 -18"><span class='ocrx_word' id='word_1_19' title='bbox 464 908 540 972; x_wconf 89' lang='lat' dir='ltr'>lnde</span> <span class='ocrx_word' id='word_1_20' title='bbox 563 905 728 990; x_wconf 88' lang='lat' dir='ltr'>superficie</span> <span class='ocrx_word' id='word_1_21' title='bbox 752 910 810 984; x_wconf 91' lang='lat' dir='ltr'>est,</span> <span class='ocrx_word' id='word_1_22' title='bbox 835 903 909 967; x_wconf 93' lang='lat' dir='ltr'>binc</span> <span class='ocrx_word' id='word_1_23' title='bbox 933 907 1053 980; x_wconf 83' lang='lat' dir='ltr'>centra,</span> <span class='ocrx_word' id='word_1_24' title='bbox 1079 897 1224 982; x_wconf 86' lang='lat' dir='ltr'>quodque</span> <span class='ocrx_word' id='word_1_25' title='bbox 1248 895 1431 960; x_wconf 86' lang='lat' dir='ltr'>revinctum</span> 
     </span>
     <span class='ocr_line' id='line_1_6' title="bbox 466 1020 1348 1112; baseline -0.017 -13"><span class='ocrx_word' id='word_1_26' title='bbox 466 1032 656 1100; x_wconf 87' lang='lat' dir='ltr'>Cardinibus</span> <span class='ocrx_word' id='word_1_27' title='bbox 680 1031 786 1106; x_wconf 87' lang='lat' dir='ltr'>certis,</span> <span class='ocrx_word' id='word_1_28' title='bbox 811 1035 898 1095; x_wconf 89' lang='lat' dir='ltr'>certo</span> <span class='ocrx_word' id='word_1_29' title='bbox 922 1048 1019 1112; x_wconf 90' lang='lat' dir='ltr'>super</span> <span class='ocrx_word' id='word_1_30' title='bbox 1043 1046 1104 1091; x_wconf 82' lang='lat' dir='ltr'>axe</span> <span class='ocrx_word' id='word_1_31' title='bbox 1127 1020 1277 1090; x_wconf 68' lang='lat' dir='ltr'>rotetur?</span> <span class='ocrx_word' id='word_1_32' title='bbox 1301 1020 1348 1107; x_wconf 86' lang='lat' dir='ltr'>(l)</span> 
     </span>
     <span class='ocr_line' id='line_1_7' title="bbox 470 1153 1201 1243; baseline -0.01 -18"><span class='ocrx_word' id='word_1_33' title='bbox 470 1162 613 1243; x_wconf 89' lang='lat' dir='ltr'>Huicque</span> <span class='ocrx_word' id='word_1_34' title='bbox 637 1157 752 1224; x_wconf 88' lang='lat' dir='ltr'>infiniti</span> <span class='ocrx_word' id='word_1_35' title='bbox 775 1157 935 1222; x_wconf 76' lang='lat' dir='ltr'>succurrit</span> <span class='ocrx_word' id='word_1_36' title='bbox 958 1157 1063 1241; x_wconf 91' lang='lat' dir='ltr'>opinio</span> <span class='ocrx_word' id='word_1_37' title='bbox 1091 1153 1201 1220; x_wconf 89' lang='lat' dir='ltr'>deinde</span> 
     </span>
    </p>
   </div>
   <div class='ocr_carea' id='block_1_3' title="bbox 469 1289 1310 1503">
    <p class='ocr_par' dir='ltr' id='par_1_5' title="bbox 469 1289 1310 1503">
     <span class='ocr_line' id='line_1_8' title="bbox 469 1289 1204 1375; baseline -0.005 -18"><span class='ocrx_word' id='word_1_38' title='bbox 469 1293 512 1359; x_wconf 91' lang='lat' dir='ltr'>Ul</span> <span class='ocrx_word' id='word_1_39' title='bbox 535 1293 591 1358; x_wconf 87' lang='lat' dir='ltr'>tibi</span> <span class='ocrx_word' id='word_1_40' title='bbox 616 1312 687 1356; x_wconf 89' lang='lat' dir='ltr'>cum</span> <span class='ocrx_word' id='word_1_41' title='bbox 711 1312 806 1356; x_wconf 89' lang='lat' dir='ltr'>sensu</span> <span class='ocrx_word' id='word_1_42' title='bbox 829 1293 871 1356; x_wconf 91' lang='lat' dir='ltr'>sit</span> <span class='ocrx_word' id='word_1_43' title='bbox 895 1291 1084 1375; x_wconf 81' lang='lat' dir='ltr'>disceptatio</span> <span class='ocrx_word' id='word_1_44' title='bbox 1108 1289 1204 1366; x_wconf 87' lang='grc'><strong>111110,</strong></span> 
     </span>
     <span class='ocr_line' id='line_1_9' title="bbox 471 1417 1310 1503; baseline -0.005 -19"><span class='ocrx_word' id='word_1_45' title='bbox 471 1420 651 1484; x_wconf 85' lang='lat' dir='ltr'>Phantasia</span> <span class='ocrx_word' id='word_1_46' title='bbox 674 1420 754 1484; x_wconf 88' lang='lat' dir='ltr'>baec</span> <span class='ocrx_word' id='word_1_47' title='bbox 776 1419 903 1492; x_wconf 81' lang='lat' dir='ltr'>etenim,</span> <span class='ocrx_word' id='word_1_48' title='bbox 927 1425 1014 1484; x_wconf 89' lang='lat' dir='ltr'>mota</span> <span class='ocrx_word' id='word_1_49' title='bbox 1038 1418 1163 1495; x_wconf 88' lang='lat' dir='ltr'>tellure,</span> <span class='ocrx_word' id='word_1_50' title='bbox 1187 1417 1310 1503; x_wconf 84' lang='lat' dir='ltr'>peribit,</span> 
     </span>
    </p>
   </div>
   <div class='ocr_carea' id='block_1_4' title="bbox 469 1550 1298 1636">
    <p class='ocr_par' dir='ltr' id='par_1_6' title="bbox 469 1550 1298 1636">
     <span class='ocr_line' id='line_1_10' title="bbox 469 1550 1298 1636; baseline -0.001 -21"><span class='ocrx_word' id='word_1_51' title='bbox 469 1551 541 1624; x_wconf 82' lang='lat' dir='ltr'>Qua</span> <span class='ocrx_word' id='word_1_52' title='bbox 568 1552 687 1616; x_wconf 88' lang='lat' dir='ltr'>circum</span> <span class='ocrx_word' id='word_1_53' title='bbox 711 1558 813 1618; x_wconf 88' lang='lat' dir='ltr'>totam</span> <span class='ocrx_word' id='word_1_54' title='bbox 836 1554 934 1636; x_wconf 75' lang='lat' dir='ltr'>gyret</span> <span class='ocrx_word' id='word_1_55' title='bbox 957 1550 1190 1634; x_wconf 87' lang='lat' dir='ltr'>quantumlibet</span> <span class='ocrx_word' id='word_1_56' title='bbox 1213 1551 1298 1616; x_wconf 84' lang='lat' dir='ltr'>ultra</span> 
     </span>
    </p>
   </div>
   <div class='ocr_carea' id='block_1_5' title="bbox 470 1680 1328 1767">
    <p class='ocr_par' dir='ltr' id='par_1_7' title="bbox 470 1680 1328 1767">
     <span class='ocr_line' id='line_1_11' title="bbox 470 1680 1328 1767; baseline 0.001 -23"><span class='ocrx_word' id='word_1_57' title='bbox 470 1682 633 1748; x_wconf 87' lang='lat' dir='ltr'>Tendatur</span> <span class='ocrx_word' id='word_1_58' title='bbox 657 1684 723 1746; x_wconf 91' lang='lat' dir='ltr'>sine</span> <span class='ocrx_word' id='word_1_59' title='bbox 747 1684 809 1747; x_wconf 81' lang='lat' dir='ltr'>linc</span> <span class='ocrx_word' id='word_1_60' title='bbox 834 1683 922 1762; x_wconf 91' lang='lat' dir='ltr'>mibi,</span> <span class='ocrx_word' id='word_1_61' title='bbox 947 1682 1004 1749; x_wconf 90' lang='lat' dir='ltr'>tibi</span> <span class='ocrx_word' id='word_1_62' title='bbox 1028 1682 1090 1746; x_wconf 89' lang='lat' dir='ltr'>fine</span> <span class='ocrx_word' id='word_1_63' title='bbox 1112 1680 1328 1767; x_wconf 86' lang='lat' dir='ltr'>premendum.</span> 
     </span>
    </p>
   </div>
   <div class='ocr_carea' id='block_1_6' title="bbox 472 1811 1351 1897">
    <p class='ocr_par' dir='ltr' id='par_1_8' title="bbox 472 1811 1351 1897">
     <span class='ocr_line' id='line_1_12' title="bbox 472 1811 1351 1897; baseline 0.001 -21"><span class='ocrx_word' id='word_1_64' title='bbox 472 1814 675 1897; x_wconf 78' lang='lat' dir='ltr'>Quapropter</span> <span class='ocrx_word' id='word_1_65' title='bbox 698 1812 840 1876; x_wconf 90' lang='lat' dir='ltr'>cumulos</span> <span class='ocrx_word' id='word_1_66' title='bbox 864 1811 1053 1877; x_wconf 84' lang='lat' dir='ltr'>nebularum</span> <span class='ocrx_word' id='word_1_67' title='bbox 1077 1812 1198 1879; x_wconf 91' lang='lat' dir='ltr'>discute</span> <span class='ocrx_word' id='word_1_68' title='bbox 1222 1817 1351 1890; x_wconf 87' lang='lat' dir='ltr'>tanlos;</span> 
     </span>
    </p>
   </div>
   <div class='ocr_carea' id='block_1_7' title="bbox 474 1944 1425 3965">
    <p class='ocr_par' dir='ltr' id='par_1_9' title="bbox 474 1944 1299 2028">
     <span class='ocr_line' id='line_1_13' title="bbox 474 1944 1299 2028; baseline -0.001 -19"><span class='ocrx_word' id='word_1_69' title='bbox 474 1949 559 2009; x_wconf 79' lang='lat' dir='ltr'>Aera</span> <span class='ocrx_word' id='word_1_70' title='bbox 584 1964 639 2027; x_wconf 91' lang='lat' dir='ltr'>per</span> <span class='ocrx_word' id='word_1_71' title='bbox 664 1945 812 2027; x_wconf 88' lang='lat' dir='ltr'>liquidum</span> <span class='ocrx_word' id='word_1_72' title='bbox 832 1944 923 2028; x_wconf 88' lang='lat' dir='ltr'>jactu</span> <span class='ocrx_word' id='word_1_73' title='bbox 947 1945 1101 2010; x_wconf 84' lang='lat' dir='ltr'>contende</span> <span class='ocrx_word' id='word_1_74' title='bbox 1125 1945 1299 2022; x_wconf 88' lang='lat' dir='ltr'>oculorum,</span> 
     </span>
    </p>

    <p class='ocr_par' dir='ltr' id='par_1_10' title="bbox 478 2074 1189 2158">
     <span class='ocr_line' id='line_1_14' title="bbox 478 2074 1189 2158; baseline 0.001 -19"><span class='ocrx_word' id='word_1_75' title='bbox 478 2075 567 2139; x_wconf 90' lang='lat' dir='ltr'>Illius</span> <span class='ocrx_word' id='word_1_76' title='bbox 591 2077 623 2139; x_wconf 91' lang='lat' dir='ltr'>et</span> <span class='ocrx_word' id='word_1_77' title='bbox 648 2076 745 2158; x_wconf 88' lang='lat' dir='ltr'>spacii</span> <span class='ocrx_word' id='word_1_78' title='bbox 771 2074 835 2138; x_wconf 94' lang='lat' dir='ltr'>noli</span> <span class='ocrx_word' id='word_1_79' title='bbox 859 2076 927 2139; x_wconf 89' lang='lat' dir='ltr'>sinc</span> <span class='ocrx_word' id='word_1_80' title='bbox 950 2075 1070 2140; x_wconf 90' lang='lat' dir='ltr'>lumine</span> <span class='ocrx_word' id='word_1_81' title='bbox 1094 2076 1189 2141; x_wconf 86' lang='lat' dir='ltr'>finem</span> 
     </span>
    </p>

    <p class='ocr_par' dir='ltr' id='par_1_11' title="bbox 474 2207 1425 2674">
     <span class='ocr_line' id='line_1_15' title="bbox 474 2207 1333 2299; baseline 0.008 -28"><span class='ocrx_word' id='word_1_82' title='bbox 474 2207 639 2287; x_wconf 78' lang='lat' dir='ltr'>Assererc,</span> <span class='ocrx_word' id='word_1_83' title='bbox 663 2215 695 2271; x_wconf 91' lang='lat' dir='ltr'>et</span> <span class='ocrx_word' id='word_1_84' title='bbox 719 2208 820 2291; x_wconf 88' lang='lat' dir='ltr'>parili,</span> <span class='ocrx_word' id='word_1_85' title='bbox 846 2228 908 2291; x_wconf 90' lang='lat' dir='ltr'>qua</span> <span class='ocrx_word' id='word_1_86' title='bbox 932 2213 1036 2294; x_wconf 84' lang='lat' dir='ltr'>pergis</span> <span class='ocrx_word' id='word_1_87' title='bbox 1060 2214 1185 2297; x_wconf 80' lang='lat' dir='ltr'>pergito</span> <span class='ocrx_word' id='word_1_88' title='bbox 1210 2233 1333 2299; x_wconf 85' lang='lat' dir='ltr'>semper</span> 
     </span>
     <span class='ocr_line' id='line_1_16' title="bbox 478 2335 1425 2426; baseline 0.006 -26"><span class='ocrx_word' id='word_1_89' title='bbox 478 2335 648 2400; x_wconf 88' lang='lat' dir='ltr'>Consimile</span> <span class='ocrx_word' id='word_1_90' title='bbox 672 2335 711 2399; x_wconf 92' lang='lat' dir='ltr'>ad</span> <span class='ocrx_word' id='word_1_91' title='bbox 735 2338 876 2420; x_wconf 89' lang='lat' dir='ltr'>spacium</span> <span class='ocrx_word' id='word_1_92' title='bbox 901 2338 988 2422; x_wconf 89' lang='lat' dir='ltr'>(quid</span> <span class='ocrx_word' id='word_1_93' title='bbox 1014 2340 1124 2405; x_wconf 86' lang='lat' dir='ltr'>turbat</span> <span class='ocrx_word' id='word_1_94' title='bbox 1149 2341 1279 2426; x_wconf 61' lang='lat' dir='ltr'>possed),</span> <span class='ocrx_word' id='word_1_95' title='bbox 1305 2347 1425 2407; x_wconf 83' lang='lat' dir='ltr'>tenore.</span> 
     </span>
     <span class='ocr_line' id='line_1_17' title="bbox 475 2463 1342 2547; baseline 0.007 -21"><span class='ocrx_word' id='word_1_96' title='bbox 475 2463 620 2546; x_wconf 84' lang='lat' dir='ltr'>Undique</span> <span class='ocrx_word' id='word_1_97' title='bbox 645 2463 790 2547; x_wconf 87' lang='lat' dir='ltr'>quodque</span> <span class='ocrx_word' id='word_1_98' title='bbox 815 2464 904 2529; x_wconf 85' lang='lat' dir='ltr'>vides</span> <span class='ocrx_word' id='word_1_99' title='bbox 929 2465 1048 2531; x_wconf 90' lang='lat' dir='ltr'>circum</span> <span class='ocrx_word' id='word_1_100' title='bbox 1072 2466 1212 2531; x_wconf 85' lang='lat' dir='ltr'>confinia</span> <span class='ocrx_word' id='word_1_101' title='bbox 1236 2473 1342 2533; x_wconf 90' lang='lat' dir='ltr'>terrae</span> 
     </span>
     <span class='ocr_line' id='line_1_18' title="bbox 479 2590 1259 2674; baseline 0.008 -21"><span class='ocrx_word' id='word_1_102' title='bbox 479 2591 710 2674; x_wconf 81' lang='lat' dir='ltr'>Transparens,</span> <span class='ocrx_word' id='word_1_103' title='bbox 736 2590 844 2655; x_wconf 89' lang='lat' dir='ltr'>itidem</span> <span class='ocrx_word' id='word_1_104' title='bbox 869 2593 953 2657; x_wconf 88' lang='lat' dir='ltr'>circa</span> <span class='ocrx_word' id='word_1_105' title='bbox 977 2593 1112 2657; x_wconf 85' lang='lat' dir='ltr'>confinia</span> <span class='ocrx_word' id='word_1_106' title='bbox 1137 2595 1259 2671; x_wconf 90' lang='lat' dir='ltr'>Lunae,</span> 
     </span>
    </p>

    <p class='ocr_par' dir='ltr' id='par_1_12' title="bbox 477 2720 1401 3065">
     <span class='ocr_line' id='line_1_19' title="bbox 478 2720 1312 2807; baseline 0.005 -22"><span class='ocrx_word' id='word_1_107' title='bbox 478 2720 569 2800; x_wconf 89' lang='lat' dir='ltr'>Solis,</span> <span class='ocrx_word' id='word_1_108' title='bbox 595 2729 626 2786; x_wconf 93' lang='lat' dir='ltr'>et</span> <span class='ocrx_word' id='word_1_109' title='bbox 649 2727 810 2786; x_wconf 86' lang='lat' dir='ltr'>astrorum</span> <span class='ocrx_word' id='word_1_110' title='bbox 834 2720 1029 2804; x_wconf 85' lang='lat' dir='ltr'>reliquorum</span> <span class='ocrx_word' id='word_1_111' title='bbox 1052 2742 1187 2807; x_wconf 88' lang='lat' dir='ltr'>corpora</span> <span class='ocrx_word' id='word_1_112' title='bbox 1211 2725 1312 2789; x_wconf 90' lang='lat' dir='ltr'>crede.</span> 
     </span>
     <span class='ocr_line' id='line_1_20' title="bbox 478 2852 1401 2937; baseline 0.001 -19"><span class='ocrx_word' id='word_1_113' title='bbox 478 2855 727 2937; x_wconf 87' lang='lat' dir='ltr'>Innumerosque</span> <span class='ocrx_word' id='word_1_114' title='bbox 752 2852 845 2937; x_wconf 82' lang='lat' dir='ltr'>liujus</span> <span class='ocrx_word' id='word_1_115' title='bbox 869 2853 996 2935; x_wconf 82' lang='lat' dir='ltr'>generis</span> <span class='ocrx_word' id='word_1_116' title='bbox 1020 2852 1243 2937; x_wconf 87' lang='lat' dir='ltr'>comprendere</span> <span class='ocrx_word' id='word_1_117' title='bbox 1268 2854 1401 2919; x_wconf 89' lang='lat' dir='ltr'>mundos</span> 
     </span>
     <span class='ocr_line' id='line_1_21' title="bbox 477 2983 1243 3065; baseline 0 -19"><span class='ocrx_word' id='word_1_118' title='bbox 477 2984 667 3047; x_wconf 83' lang='lat' dir='ltr'>Immensum</span> <span class='ocrx_word' id='word_1_119' title='bbox 690 2983 840 3065; x_wconf 85' lang='lat' dir='ltr'>spacium,</span> <span class='ocrx_word' id='word_1_120' title='bbox 866 2983 918 3062; x_wconf 89' lang='lat' dir='ltr'>qui</span> <span class='ocrx_word' id='word_1_121' title='bbox 944 2984 1038 3048; x_wconf 89' lang='lat' dir='ltr'>certis</span> <span class='ocrx_word' id='word_1_122' title='bbox 1064 2983 1243 3048; x_wconf 83' lang='lat' dir='ltr'>intervallis</span> 
     </span>
    </p>

    <p class='ocr_par' dir='ltr' id='par_1_13' title="bbox 479 3107 1424 3965">
     <span class='ocr_line' id='line_1_22' title="bbox 479 3107 1335 3189; baseline 0.001 -20"><span class='ocrx_word' id='word_1_123' title='bbox 479 3107 614 3180; x_wconf 88' lang='lat' dir='ltr'>llistent‚</span> <span class='ocrx_word' id='word_1_124' title='bbox 640 3126 701 3188; x_wconf 87' lang='lat' dir='ltr'>quo</span> <span class='ocrx_word' id='word_1_125' title='bbox 725 3125 788 3169; x_wconf 92' lang='grc'><strong>1011</strong></span> <span class='ocrx_word' id='word_1_126' title='bbox 814 3107 1049 3181; x_wconf 87' lang='lat' dir='ltr'>interimantur,</span> <span class='ocrx_word' id='word_1_127' title='bbox 1074 3107 1149 3188; x_wconf 89' lang='lat' dir='ltr'>quia</span> <span class='ocrx_word' id='word_1_128' title='bbox 1174 3109 1278 3189; x_wconf 90' lang='lat' dir='ltr'>potius</span> <span class='ocrx_word' id='word_1_129' title='bbox 1301 3127 1335 3170; x_wconf 87' lang='lat' dir='ltr'>se</span> 
     </span>
     <span class='ocr_line' id='line_1_23' title="bbox 482 3231 1421 3315; baseline -0.002 -17"><span class='ocrx_word' id='word_1_130' title='bbox 482 3233 608 3308; x_wconf 85' lang='lat' dir='ltr'>Ordine,</span> <span class='ocrx_word' id='word_1_131' title='bbox 633 3254 694 3315; x_wconf 90' lang='lat' dir='ltr'>quo</span> <span class='ocrx_word' id='word_1_132' title='bbox 718 3233 837 3298; x_wconf 89' lang='lat' dir='ltr'>dictum</span> <span class='ocrx_word' id='word_1_133' title='bbox 863 3239 920 3306; x_wconf 87' lang='lat' dir='ltr'>esl,</span> <span class='ocrx_word' id='word_1_134' title='bbox 946 3233 1078 3297; x_wconf 80' lang='lat' dir='ltr'>valeant</span> <span class='ocrx_word' id='word_1_135' title='bbox 1101 3231 1246 3297; x_wconf 85' lang='lat' dir='ltr'>relorcre</span> <span class='ocrx_word' id='word_1_136' title='bbox 1271 3233 1421 3298; x_wconf 80' lang='lat' dir='ltr'>uicissim.</span> 
     </span>
     <span class='ocr_line' id='line_1_24' title="bbox 480 3365 1422 3448; baseline -0.003 -17"><span class='ocrx_word' id='word_1_137' title='bbox 480 3368 669 3431; x_wconf 89' lang='lat' dir='ltr'>lnnncnsum</span> <span class='ocrx_word' id='word_1_138' title='bbox 693 3367 836 3448; x_wconf 86' lang='lat' dir='ltr'>spacium</span> <span class='ocrx_word' id='word_1_139' title='bbox 860 3365 931 3441; x_wconf 81' lang='lat' dir='ltr'>boc,</span> <span class='ocrx_word' id='word_1_140' title='bbox 957 3367 1128 3429; x_wconf 86' lang='lat' dir='ltr'>immensus</span> <span class='ocrx_word' id='word_1_141' title='bbox 1151 3373 1183 3431; x_wconf 84' lang='lat' dir='ltr'>cl</span> <span class='ocrx_word' id='word_1_142' title='bbox 1207 3387 1272 3439; x_wconf 86' lang='lat' dir='ltr'>aer,</span> <span class='ocrx_word' id='word_1_143' title='bbox 1290 3365 1422 3440; x_wconf 87' lang='lat' dir='ltr'>abunde</span> 
     </span>
     <span class='ocr_line' id='line_1_25' title="bbox 483 3496 1319 3579; baseline -0.002 -19"><span class='ocrx_word' id='word_1_144' title='bbox 483 3496 689 3579; x_wconf 82' lang='lat' dir='ltr'>Cognoscunt</span> <span class='ocrx_word' id='word_1_145' title='bbox 713 3513 822 3558; x_wconf 81' lang='lat' dir='ltr'>ornnes</span> <span class='ocrx_word' id='word_1_146' title='bbox 848 3500 950 3560; x_wconf 89' lang='lat' dir='ltr'>totum</span> <span class='ocrx_word' id='word_1_147' title='bbox 976 3515 1040 3559; x_wconf 90' lang='lat' dir='ltr'>non</span> <span class='ocrx_word' id='word_1_148' title='bbox 1064 3516 1156 3579; x_wconf 88' lang='lat' dir='ltr'>posse</span> <span class='ocrx_word' id='word_1_149' title='bbox 1180 3496 1319 3560; x_wconf 76' lang='lat' dir='ltr'>moveri:</span> 
     </span>
     <span class='ocr_line' id='line_1_26' title="bbox 486 3623 1424 3708; baseline 0.005 -20"><span class='ocrx_word' id='word_1_150' title='bbox 486 3626 632 3698; x_wconf 78' lang='lat' dir='ltr'>erouam</span> <span class='ocrx_word' id='word_1_151' title='bbox 657 3623 765 3689; x_wconf 88' lang='lat' dir='ltr'>tendet</span> <span class='ocrx_word' id='word_1_152' title='bbox 786 3623 868 3687; x_wconf 91' lang='lat' dir='ltr'>enim</span> <span class='ocrx_word' id='word_1_153' title='bbox 893 3625 1034 3708; x_wconf 86' lang='lat' dir='ltr'>spacium</span> <span class='ocrx_word' id='word_1_154' title='bbox 1059 3626 1085 3688; x_wconf 92' lang='lat' dir='ltr'>si</span> <span class='ocrx_word' id='word_1_155' title='bbox 1109 3646 1172 3689; x_wconf 89' lang='grc'><strong>1101</strong></span> <span class='ocrx_word' id='word_1_156' title='bbox 1196 3627 1292 3691; x_wconf 91' lang='lat' dir='ltr'>babet</span> <span class='ocrx_word' id='word_1_157' title='bbox 1315 3628 1424 3695; x_wconf 66' lang='lat' dir='ltr'>extra?</span> 
     </span>
     <span class='ocr_line' id='line_1_27' title="bbox 484 3751 1351 3835; baseline 0.002 -18"><span class='ocrx_word' id='word_1_158' title='bbox 484 3754 612 3818; x_wconf 87' lang='lat' dir='ltr'>Interea</span> <span class='ocrx_word' id='word_1_159' title='bbox 637 3751 810 3815; x_wconf 87' lang='lat' dir='ltr'>innumeris</span> <span class='ocrx_word' id='word_1_160' title='bbox 833 3752 948 3834; x_wconf 83' lang='lat' dir='ltr'>passim</span> <span class='ocrx_word' id='word_1_161' title='bbox 972 3751 1193 3835; x_wconf 84' lang='lat' dir='ltr'>splendescere</span> <span class='ocrx_word' id='word_1_162' title='bbox 1218 3754 1351 3832; x_wconf 86' lang='lat' dir='ltr'>mundis,</span> 
     </span>
     <span class='ocr_line' id='line_1_28' title="bbox 485 3880 1316 3965; baseline 0 -19"><span class='ocrx_word' id='word_1_163' title='bbox 485 3882 603 3946; x_wconf 83' lang='lat' dir='ltr'>Ordine</span> <span class='ocrx_word' id='word_1_164' title='bbox 628 3900 707 3963; x_wconf 86' lang='lat' dir='ltr'>quos</span> <span class='ocrx_word' id='word_1_165' title='bbox 731 3885 819 3944; x_wconf 89' lang='lat' dir='ltr'>certo</span> <span class='ocrx_word' id='word_1_166' title='bbox 844 3880 1070 3957; x_wconf 79' lang='lat' dir='ltr'>circumvolvi,</span> <span class='ocrx_word' id='word_1_167' title='bbox 1095 3886 1191 3965; x_wconf 87' lang='lat' dir='ltr'>atque</span> <span class='ocrx_word' id='word_1_168' title='bbox 1215 3885 1316 3948; x_wconf 88' lang='lat' dir='ltr'>rotari</span> 
     </span>
    </p>
   </div>
   <div class='ocr_carea' id='block_1_8' title="bbox 486 4010 1433 4097">
    <p class='ocr_par' dir='ltr' id='par_1_14' title="bbox 486 4010 1433 4097">
     <span class='ocr_line' id='line_1_29' title="bbox 486 4010 1433 4097; baseline 0.008 -20"><span class='ocrx_word' id='word_1_169' title='bbox 486 4011 646 4088; x_wconf 84' lang='lat' dir='ltr'>Quidnam</span> <span class='ocrx_word' id='word_1_170' title='bbox 670 4031 763 4097; x_wconf 91' lang='lat' dir='ltr'>posse</span> <span class='ocrx_word' id='word_1_171' title='bbox 788 4010 902 4079; x_wconf 70' lang='lat' dir='ltr'>vetati</span> <span class='ocrx_word' id='word_1_172' title='bbox 926 4012 999 4097; x_wconf 91' lang='lat' dir='ltr'>quid</span> <span class='ocrx_word' id='word_1_173' title='bbox 1024 4033 1087 4078; x_wconf 93' lang='grc'>101</span> <span class='ocrx_word' id='word_1_174' title='bbox 1111 4017 1316 4085; x_wconf 84' lang='lat' dir='ltr'>conclamitat</span> <span class='ocrx_word' id='word_1_175' title='bbox 1339 4018 1433 4085; x_wconf 77' lang='lat' dir='ltr'>esset</span> 
     </span>
    </p>
   </div>
   <div class='ocr_carea' id='block_1_9' title="bbox 467 4239 956 4299">
    <p class='ocr_par' dir='ltr' id='par_1_15' title="bbox 467 4239 956 4299">
     <span class='ocr_line' id='line_1_30' title="bbox 467 4239 956 4299; baseline 0.008 -18"><span class='ocrx_word' id='word_1_176' title='bbox 467 4240 494 4296; x_wconf 67' lang='lat' dir='ltr'>pl)</span> <span class='ocrx_word' id='word_1_177' title='bbox 506 4239 694 4296; x_wconf 77' lang='lat' dir='ltr'>L&#39;iaterrogaliro</span> <span class='ocrx_word' id='word_1_178' title='bbox 704 4251 784 4284; x_wconf 78' lang='lat' dir='ltr'>inauca</span> <span class='ocrx_word' id='word_1_179' title='bbox 794 4241 828 4283; x_wconf 86' lang='lat' dir='ltr'>uel</span> <span class='ocrx_word' id='word_1_180' title='bbox 837 4246 902 4285; x_wconf 77' lang='lat' dir='ltr'>testo.</span> <span class='ocrx_word' id='word_1_181' title='bbox 951 4251 956 4299; x_wconf 62' lang='lat'>2</span> 
     </span>
    </p>
   </div>
   <div class='ocr_carea' id='block_1_10' title="bbox 0 0 1745 5108">
    <p class='ocr_par' dir='ltr' id='par_1_16' title="bbox 0 0 1745 5108">
     <span class='ocr_line' id='line_1_31' title="bbox 0 0 1745 5108; baseline 0 0"><span class='ocrx_word' id='word_1_182' title='bbox 0 0 1745 5108; x_wconf 95' lang='lat' dir='ltr'> </span> 
     </span>
    </p>
   </div>
  </div>
 </body>
</html>
