3442 5108
901 330 1081 390 -320-

423 529 526 604 potens
549 524 646 584 iacere
668 507 821 600 quodnon
844 521 918 592 vult,
938 518 1101 597 potentiam
1121 515 1228 588 aliam,
1250 515 1308 574 imo
1329 518 1360 574 et
1373 514 1552 575 contrariam

422 644 533 704 habens
549 642 704 715 voluntati,
722 646 752 702 et
773 643 959 700 voluntatem
979 637 1127 716 potentiae
1148 635 1343 696 contrariam:
1351 637 1409 696 Ubi
1430 654 1483 695 nos
1498 654 1554 713 po-

422 769 546 828 tentiam
564 765 714 844 passivam
736 765 852 824 activae
873 763 1080 823 correlativam
1101 762 1296 840 agnoscimus,
1312 768 1342 823 et
1357 761 1469 821 nnllam
1490 776 1554 819 esse

423 887 584 964 potentiam
612 902 686 961 quae
707 902 764 943 non
785 883 933 943 referatur
953 883 990 942 ad
1015 900 1109 962 aeque
1136 883 1274 962 possibile
1299 883 1465 952 definimus.
1494 878 1553 940 Ubi

424 1011 495 1072 nihil
513 1010 648 1088 prohibet
664 1012 702 1070 ab
713 1027 770 1069 nno
781 1007 896 1068 infinito
911 1007 1055 1085 principio
1076 1007 1136 1085 (cui
1158 1026 1213 1068 non
1235 1009 1274 1068 sit
1288 1009 1353 1087 plus
1366 1005 1485 1067 difficile
1506 1004 1555 1065 ia·

423 1145 490 1187 cere
510 1129 577 1200 dno,
590 1146 678 1205 quam
694 1143 784 1185 unum
798 1123 924 1198 finitum,
935 1128 965 1185 et
975 1126 1201 1186 innumerabilia
1211 1145 1298 1203 quam
1311 1125 1384 1205 duo)
1396 1125 1512 1186 infinita
1525 1123 1556 1183 in

423 1250 525 1308 eodem
556 1265 663 1326 genere
678 1245 808 1323 perfecta
828 1244 1025 1321 multiplicata
1046 1246 1212 1324 provenire.
1233 1248 1291 1306 Ubi
1312 1247 1337 1306 si
1357 1248 1395 1307 ab
1417 1265 1474 1306 uno
1496 1264 1554 1305 non

424 1369 558 1445 oporteat
576 1383 649 1435 esse,
662 1364 719 1424 nisi
733 1382 833 1438 unum,
847 1381 900 1423 cur
913 1382 969 1423 non
981 1369 1066 1424 tanta
1079 1366 1116 1424 ab
1125 1366 1238 1426 unitate
1251 1371 1367 1427 tantum
1377 1364 1435 1425 enit
1448 1365 1555 1424 unuml

425 1482 485 1543 Cur
500 1483 622 1544 effectus
637 1485 697 1542 vim
719 1501 791 1544 suae
808 1501 915 1545 causae
930 1483 1084 1544 referendo
1105 1486 1278 1547 mentietnrl
1300 1488 1402 1547 Potest
1416 1485 1554 1562 equidem

424 1605 542 1685 (inquit
558 1606 741 1685 Presbyter)
759 1605 856 1667 iacere
877 1607 1006 1667 infinitos
1020 1608 1153 1682 mundos,
1175 1608 1226 1668 sed
1247 1613 1354 1668 natura
1374 1624 1431 1665 non
1453 1610 1556 1666 estca·

425 1743 496 1803 pax,
510 1725 637 1785 materia
652 1744 710 1784 non
724 1729 770 1785 est
781 1729 874 1798 tanto,
888 1725 994 1785 infiniti
1010 1727 1110 1786 mnndi
1125 1727 1190 1786 fieri
1204 1746 1259 1786 non
1275 1732 1407 1805 possunt,
1422 1725 1492 1802 quia
1505 1723 1555 1783 bic

425 1850 471 1906 est
489 1849 556 1905 tota
571 1844 705 1904 materia.
717 1847 796 1918 At,o
812 1846 1079 1920 Reverendissime,
1091 1865 1144 1906 cnr
1158 1866 1215 1906 non
1228 1851 1258 1907 et
1273 1845 1445 1906 tantundem
1461 1845 1553 1901 mate·

425 1966 487 2026 riae
507 1971 538 2026 et
552 1965 724 2025 tantundem
740 1964 831 2041 spacii
845 1983 902 2024 non
918 1970 1015 2042 potest
1028 1984 1094 2026 esse
1105 1967 1159 2026 snb
1171 1967 1272 2026 eadem
1285 1965 1429 2043 potential
1437 1966 1483 2024 An
1495 1981 1554 2022 non

425 2094 455 2148 et
477 2106 531 2167 ego
546 2088 581 2147 de
594 2088 711 2147 infinita
725 2106 843 2166 possum
860 2107 1048 2166 praesumere
1063 2094 1215 2170 potentini
1229 2112 1345 2171 possum
1362 2093 1469 2171 quippe
1483 2090 1553 2150 infl-

427 2207 504 2267 nitos
527 2207 658 2266 homines
672 2224 824 2283 generare:
838 2211 889 2269 sed
904 2210 1010 2271 infiniti
1023 2230 1043 2272 a
1056 2232 1103 2272 me
1117 2215 1248 2274 homiues
1263 2233 1320 2273 non
1333 2216 1454 2291 possunt
1467 2227 1557 2288 gene·

426 2331 495 2405 rari,
516 2330 585 2407 qnia
598 2331 684 2392 finita
694 2336 740 2391 est
755 2335 880 2393 materia
894 2337 1022 2411 seminis,
1034 2339 1148 2399 finitum
1165 2345 1210 2400 est
1224 2345 1348 2417 tempus,
1364 2337 1464 2397 finitae
1475 2351 1553 2411 quae

425 2450 559 2510 submitti
576 2455 700 2528 possunt
711 2451 878 2528 genitrices.
893 2453 1029 2532 Nugator
1044 2476 1097 2534 ego
1113 2459 1165 2517 tibi
1179 2459 1191 2516 l
1206 2459 1266 2518 Cur
1280 2477 1337 2518 non
1359 2463 1389 2519 et
1404 2455 1475 2515 mihi
1491 2459 1523 2513 tu
1538 2453 1552 2512 l

425 2569 480 2636 Qui
496 2571 561 2648 ejus
574 2569 616 2630 rei
632 2574 794 2649 potentiam
809 2576 937 2636 activam
960 2578 989 2637 in
1005 2580 1066 2639 Deo
1080 2581 1173 2658 ponis,
1194 2582 1241 2641 cui
1264 2583 1373 2642 nullam
1390 2577 1553 2660 potentiam

425 2693 573 2768 passivam
589 2693 765 2769 respondere
780 2713 904 2758 asseras.
927 2699 1031 2760 Differt
1047 2701 1168 2781 (inquis)
1190 2703 1292 2761 divina
1306 2701 1446 2780 potentia,
1460 2703 1552 2775 atque

424 2815 485 2868 tua.
498 2813 539 2870 At
554 2828 609 2869 non
625 2810 668 2869 ita
689 2809 833 2894 (inquam)
854 2821 924 2876 tuae
939 2821 1121 2896 nugationes,
1136 2828 1226 2900 atque
1243 2843 1332 2884 meae.
1348 2856 1388 2869 —
1399 2821 1455 2882 Sed
1471 2821 1554 2881 inta-

424 2953 476 2995 rea
488 2938 573 2996 ambo
583 2935 714 3020 (amabo)
726 2940 942 3017 distinguamus
957 2943 986 3002 in
998 2961 1110 3019 eornm,
1122 2964 1196 3022 quac
1206 2946 1323 3005 mobilia
1334 2949 1411 3019 sunt,
1426 2944 1552 3021 sphaera

424 3074 515 3132 agens
528 3061 663 3121 naturale
677 3063 754 3139 quod
767 3067 829 3122 tota
851 3063 963 3124 virtute
984 3065 1084 3136 efficit,
1108 3067 1145 3124 nb
1167 3073 1272 3142 agente
1288 3064 1454 3124 voluntario
1472 3063 1550 3140 quod

424 3181 585 3241 moderata.
600 3181 786 3260 Subindeque
807 3186 960 3244 credamus
981 3203 1071 3261 agens
1094 3186 1164 3245 illud
1186 3185 1386 3245 voluntarium
1408 3184 1485 3259 quod
1502 3186 1550 3241 est

424 3298 556 3359 divinum
572 3305 602 3361 et
614 3300 807 3372 immutabile,
829 3304 858 3360 in
881 3322 937 3378 quo
959 3305 1096 3363 voluntas
1110 3323 1177 3363 cum
1192 3305 1301 3363 virtute
1317 3323 1372 3361 non
1389 3307 1546 3378 repugnat,

424 3423 454 3478 et
468 3418 514 3477 cui
530 3420 625 3481 virtus
639 3437 691 3498 pro
708 3421 860 3481 voluntate
876 3421 949 3481 satis
964 3426 1019 3495 est,
1035 3422 1123 3481 immo
1136 3424 1199 3501 ipsa
1212 3428 1259 3482 est
1273 3421 1411 3480 uoluntas
1423 3420 1498 3496 quod
1515 3418 1552 3477 si·

424 3541 543 3598 autnon
561 3543 660 3615 potest
672 3538 747 3597 velle
762 3541 817 3600 nisi
832 3541 908 3616 quod
922 3540 1032 3613 vult,et
1046 3561 1102 3599 non
1118 3548 1214 3619 potest
1229 3560 1247 3600 a
1261 3561 1315 3601 sua
1330 3540 1548 3610 immobilitate,

424 3657 546 3731 unitate,
560 3663 590 3718 et
604 3659 792 3736 simplicitate
803 3661 939 3734 deficere,
955 3661 996 3721 ita
1011 3681 1067 3721 non
1084 3667 1181 3739 potest
1195 3663 1302 3735 facere,
1312 3662 1365 3721 nisi
1382 3679 1456 3738 quae
1474 3662 1552 3720 vult.

422 3779 525 3857 Neque
539 3779 756 3842 distinctionem
778 3785 925 3861 potentiue
946 3787 974 3844 in
989 3785 1152 3844 absolutam
1168 3791 1198 3844 et
1212 3786 1387 3854 ordinatam,
1403 3782 1451 3841 vel
1466 3782 1549 3841 ordi-

424 3899 537 3959 nariam
551 3901 771 3963 introducamus
787 3903 857 3977 illo,
873 3906 920 3964 ubi
944 3925 1000 3965 non
1021 3906 1186 3966 libertatem
1209 3912 1400 3983 protestetur,
1422 3906 1473 3965 sed
1495 3905 1551 3962 im·

424 4019 513 4096 plicet
528 4027 660 4097 apertam
675 4027 946 4087 contradictionem.
963 4029 1016 4089 Est
1030 4029 1170 4106 perfectio
1185 4031 1214 4090 in
1230 4029 1312 4090 nobis
1327 4031 1365 4109 (si
1383 4032 1425 4089 ita
1441 4029 1551 4108 placet)

424 4147 458 4202 nt
469 4145 614 4222 possimus
625 4147 719 4206 multa
730 4147 826 4209 iacere
841 4168 916 4226 quae
931 4170 988 4210 non
1002 4151 1403 4229 iacimuszblnspbemiavero
1415 4158 1461 4211 est
1476 4152 1552 4210 iace·

427 4277 461 4318 re
476 4261 570 4321 Deum
586 4262 674 4321 alium
690 4281 708 4323 a
723 4264 794 4324 Deo:
809 4266 991 4327 voluntatem
1007 4269 1070 4328 eius
1085 4270 1173 4328 aliam
1185 4275 1274 4346 atque
1289 4270 1357 4344 alia,
1372 4288 1460 4329 unam
1475 4288 1551 4345 quae

426 4379 522 4440 currit
535 4398 601 4440 cnm
616 4381 756 4460 potentia,
770 4384 860 4444 aliam
874 4403 950 4462 quae
964 4387 1123 4450 abhorreat
1136 4406 1155 4448 a
1168 4389 1309 4468 potentia,
1321 4390 1352 4451 in
1363 4390 1469 4450 melius
1483 4408 1547 4451 con·

428 4494 665 4560 tradictoriorum
680 4500 817 4576 alterum,
826 4502 873 4564 vel
887 4505 1027 4569 deterius.
