3442 5108
696 375 736 387 -
757 339 817 398 3⁴29
837 373 877 383 -

212 496 295 552 tante
316 490 393 549 cirea
413 487 551 548 tellurem
574 490 707 561 tempure
727 481 895 552 conficiant,
916 485 1025 559 quanto
1047 480 1118 542 mihi
1138 482 1271 543 mirabile
1292 483 1340 543 vi·

213 612 309 681 detur,
323 612 356 666 ut
367 608 431 685 ipsa
443 605 522 665 eirea
536 602 687 682 proprium
698 617 839 661 conversa
850 604 984 660 centrum
995 601 1032 659 ad
1043 601 1173 661 omnium
1183 601 1336 661 stellarum

211 733 465 797 circumstantium
479 748 526 788 me
541 731 713 806 promoveat
726 729 891 805 aspectum?
908 727 946 788 Et
957 727 981 786 si
993 745 1098 788 sensus
1109 729 1228 789 illarum
1241 730 1337 806 potius

211 864 323 915 motum
338 853 450 914 circum
472 856 566 929 putat,
589 868 677 930 quam
692 849 807 910 telluris
821 851 900 910 intra
915 852 1156 927 comprehendat,
1170 868 1207 910 an
1220 855 1266 911 est
1277 855 1338 926 (ro-

211 976 269 1054 go)
290 977 320 1034 in
335 993 439 1034 sensus
450 974 600 1048 facultate,
612 992 678 1032 eum
693 973 782 1034 tellus
798 978 961 1045 moveatur,
972 973 1059 1033 aliter
1070 973 1270 1033 motumillius
1283 991 1337 1050 ap·
1402 1036 1405 1042 ,

212 1094 410 1172 prehendere,
432 1111 520 1170 quam
541 1093 762 1172 apprehendat?
776 1094 822 1152 An
844 1111 901 1152 non
922 1094 1028 1170 ubique
1050 1091 1221 1170 experimur
1241 1093 1335 1170 quod,

212 1237 280 1278 cum
291 1216 425 1277 vehiculo
439 1217 557 1292 agtmur
568 1215 686 1274 minime
696 1215 880 1275 succussorio
895 1215 1118 1292 interruptoque
1130 1232 1228 1287 cursu,
1241 1230 1334 1290 noque

213 1337 243 1396 in
255 1339 384 1415 aliquam
397 1338 592 1416 impingentes
605 1339 767 1411 materiam,
778 1340 915 1399 continuo
927 1342 1119 1417 regulutoque
1130 1340 1265 1398 ducimur
1275 1342 1333 1398 tra·

212 1457 271 1524 ctu,
287 1455 400 1515 moveri
412 1456 492 1515 nullo
509 1474 561 1515 nos
576 1474 664 1517 sensu
680 1458 883 1536 percipiemus,
902 1461 956 1520 nisi
972 1459 1140 1520 conlatione
1155 1461 1282 1537 quadam
1298 1463 1336 1522 ad

213 1577 325 1654 aliquid
337 1579 413 1655 qnod
426 1581 471 1637 est
483 1578 584 1650 fixum,
596 1583 626 1639 et
637 1585 718 1640 certo
729 1582 821 1641 fixum
833 1600 897 1642 esse
908 1583 1098 1643 noverimus?
1112 1583 1157 1642 En
1168 1588 1201 1644 ut
1214 1600 1333 1645 sensum

212 1714 316 1757 sensus
345 1696 484 1770 instruit;
506 1697 595 1756 immo
617 1717 703 1759 sensu
725 1699 874 1761 fallentem
896 1703 1121 1780 sensusmetipse
1148 1702 1288 1780 corrigit:
1307 1706 1337 1764 et

214 1825 301 1899 urget
311 1842 347 1882 ne
357 1822 411 1881 sibi
424 1823 599 1901 principium
610 1825 760 1885 tribuatur
768 1828 877 1887 erroris
889 1827 970 1895 illud,
982 1826 1058 1903 quod
1071 1844 1089 1884 a
1105 1824 1219 1886 rationo
1237 1825 1334 1904 potius

214 1946 414 2027 imbecillitate
436 1948 639 2024 proficiscitur.

662 2196 806 2262 CAPUT
830 2195 886 2261 Ill.

243 2454 355 2499 Tellurem
365 2468 408 2498 non
418 2468 467 2499 csse
477 2458 536 2510 tcum
546 2456 651 2500 indultum
661 2458 689 2499 nir
701 2458 837 2513 universnm)
848 2459 869 2501 in
880 2456 959 2510 medlo,
972 2457 1015 2500 uini
1024 2468 1060 2511 eo,
1067 2469 1112 2514 qua
1122 2457 1195 2502 emula
1204 2457 1225 2502 in
1239 2458 1311 2502 medie

619 2547 694 2593 dicere
703 2562 826 2605 possumus,
836 2552 931 2594 ratione.

307 2765 359 2830 Sic
382 2785 470 2849 ergo,
498 2767 528 2829 in
552 2767 669 2848 quavis
694 2770 840 2831 centrum
865 2770 914 2832 est
938 2769 1080 2851 regione,
1106 2768 1229 2834 videnti

263 2894 454 2959 lnuuonsum
478 2895 619 2976 spacium
645 2897 781 2960 rationis
806 2896 923 2962 lumine
947 2904 1072 2975 totum,

263 3027 306 3091 t't
329 3029 483 3101 cernenti,
508 3029 592 3092 oculi
618 3029 719 3106 radin,
743 3032 796 3114 qui
820 3030 965 3097 tenditur
989 3050 1090 3116 aeque

261 3157 417 3243 Undique,
443 3169 599 3244 perpetuo
625 3161 760 3227 medium
783 3182 845 3247 par
868 3162 981 3231 obviat
1005 3165 1061 3229 illi.
1087 3170 1096 3247 (
1105 3168 1136 3251 l)

263 3297 305 3361 Et
330 3315 408 3360 suus
433 3297 499 3380 ipse
524 3296 612 3363 locus
637 3306 783 3363 centrum
809 3297 848 3362 ad
871 3298 1054 3383 spectabile,
1079 3302 1129 3387 (2)
1153 3307 1308 3386 qnantum

263 3430 415 3514 Aequalis
439 3429 560 3495 circum
584 3429 694 3498 definit
717 3429 801 3496 linea
825 3429 939 3497 flrrxu:

205 3575 211 3588 ·
261 3559 453 3643 Simpliciter
480 3577 558 3623 vero
583 3558 719 3622 mediam
744 3559 904 3636 tellurem,
928 3560 1058 3626 aliudve

262 3686 396 3769 Corpus,
424 3684 476 3750 vel
501 3690 663 3770 punctum,
689 3707 752 3751 non
777 3694 828 3753 est
851 3690 946 3769 ratic,
971 3709 1072 3773 neque
1098 3711 1222 3769 sensns,

261 3814 329 3877 Nee
353 3813 403 3876 vis
427 3818 564 3879 naturae
587 3819 744 3891 statuens,
770 3823 806 3882 ut
827 3816 971 3901 pluribus
995 3824 1069 3901 apte

264 3942 483 4008 Monstramur
506 3949 556 4010 est
581 3943 665 4008 alibi.
691 3944 784 4018 Quod
808 3945 903 4011 tellus
927 3946 1050 4026 deinde,
1080 3949 1185 4017 relata

244 4164 276 4215 tl)
287 4163 320 4205 la
329 4160 505 4215 punicugiatura
515 4160 536 4201 di
550 4167 627 4215 questo
636 4160 725 4216 periodo
735 4172 815 4205 manca
825 4161 904 4205 allatio
915 4160 950 4203 nel
963 4168 1031 4216 testo,
1045 4168 1124 4205 tranas
1138 4163 1161 4206 la
1175 4162 1263 4219 virgei·
1280 4164 1338 4223 dopo

219 4259 300 4296 norrun.

243 4350 273 4403 (t)
284 4351 369 4398 Quesra
378 4349 466 4403 cingola
476 4362 557 4393 manea
565 4350 601 4393 uel
610 4357 675 4395 tuto.
