3442 5108
786 371 943 436 „14-

299 565 488 645 volitando
507 563 795 667 regularissimo,
811 561 1062 665 citissimoque
1076 563 1233 641 oirouitu
1247 569 1420 667 proprios

297 695 406 771 orbes
439 687 670 793 conficiunt).
685 688 853 766 Perditio
881 693 919 766 et
936 690 1038 767 Mors
1058 690 1244 766 dixerunt:
1265 690 1418 769 auribus

297 816 435 893 nostris
467 814 680 891 audivimus
713 812 850 888 famam
877 813 968 890 eius.
1001 813 1102 890 Deus
1121 813 1222 890 solus
1240 814 1420 917 intelligit

296 942 377 1019 vias
406 944 507 1044 ejus,
537 945 574 1015 et
602 939 680 1041 ipse
708 938 813 1014 novit
830 936 953 1014 locum
980 938 1092 1014 illius.
1117 937 1288 1015 Secundo
1308 939 1418 1016 modo

296 1065 602 1144 manifestissima
635 1066 691 1139 est
723 1063 902 1164 sapientia
928 1063 967 1140 in
990 1064 1185 1166 superficie
1204 1068 1242 1141 et
1261 1089 1417 1165 corpore

298 1193 465 1272 omnium
492 1191 776 1281 ereaturarum,
796 1187 932 1290 ubique
955 1189 1054 1265 enim
1072 1187 1235 1281 clamat,
1255 1190 1417 1291 undique

295 1321 446 1397 auditur
468 1342 543 1393 vox
561 1315 674 1390 illius:
694 1313 780 1414 quid
808 1315 907 1391 enim
925 1319 1014 1391 sunt
1032 1314 1157 1392 omnia
1176 1340 1271 1417 quae
1292 1315 1418 1399 viden-

294 1452 357 1524 tur
370 1448 485 1535 astra,
504 1439 690 1527 animalia,
711 1464 877 1540 corpora,
897 1444 935 1515 et
953 1439 1101 1516 illorum
1120 1440 1243 1533 deoor,
1267 1441 1339 1517 nisi
1358 1467 1416 1517 sa-

224 1558 235 1571 ’
294 1568 456 1674 pientiae
474 1591 598 1656 voees,
614 1571 652 1641 et
669 1565 839 1665 vestigia,
859 1589 972 1665 opera
990 1565 1195 1643 divinitatis
1213 1591 1308 1667 quae
1323 1567 1416 1643 indi-

294 1696 381 1770 cant
394 1691 615 1767 altissimam
628 1687 911 1790 providentiam,
926 1693 964 1764 et
977 1690 1015 1765 in
1031 1690 1163 1791 quibus
1179 1696 1362 1792 tanquam
1376 1693 1415 1767 in

294 1814 387 1889 libro
407 1810 612 1887 clarissimo
640 1807 777 1908 legitur
795 1809 952 1884 historia
971 1810 1120 1888 divinae
1139 1813 1338 1913 potentiae,
1357 1840 1415 1890 sa-

294 1935 455 2039 pientiae
475 1936 512 2008 et
530 1932 727 2008 bonitatis?
748 1931 951 2007 Invisibilia
970 1936 1070 2010 enim
1089 1939 1157 2012 Dei
1175 1964 1243 2039 per
1257 1965 1303 2017 ea
1317 1965 1414 2042 quae

294 2063 392 2139 facta
420 2063 504 2134 sunt
534 2055 721 2133 intellecta
749 2056 1047 2155 conspiciuntur:
1076 2062 1191 2139 habes
1216 2089 1306 2167 ergo
1326 2066 1415 2142 sori-

293 2182 527 2287 pturam.Vis
542 2181 700 2282 amplius
711 2179 837 2254 audire
853 2181 1155 2262 concionatorum
1170 2191 1297 2265 voees?
1311 2191 1418 2268 Coeli

294 2307 470 2382 enarrant
488 2303 646 2403 gloriam
656 2302 781 2392 Dei‚et
795 2326 906 2401 opera
921 2326 1099 2382 manuum
1121 2313 1201 2410 ejus
1216 2312 1419 2392 adnunciat

294 2434 586 2520 firmamentum,
605 2432 642 2502 et
660 2451 735 2503 non
755 2431 844 2501 sunt
862 2426 1031 2527 loquelae
1051 2438 1087 2508 et
1106 2461 1298 2515 sermones
1327 2466 1417 2543 quo

293 2583 378 2638 rum
397 2581 472 2633 non
490 2554 689 2629 audiantur
709 2575 831 2626 voces:
851 2551 889 2627 in
909 2577 1036 2630 omnes
1064 2583 1186 2654 aures,
1207 2563 1244 2639 in
1263 2590 1415 2643 omnem

293 2691 433 2761 terram
452 2679 569 2755 exivit
588 2701 700 2752 sonus
716 2699 857 2751 eorum.
875 2677 1001 2752 Tertio
1020 2684 1128 2758 modo
1143 2693 1200 2762 est
1216 2688 1328 2767 insita
1343 2693 1414 2792 spi-

293 2807 382 2884 ritui
401 2809 543 2895 nostro,
563 2802 665 2877 sedet
680 2801 718 2874 in
733 2799 845 2899 puppi
862 2800 1008 2878 animae
1022 2813 1184 2901 nostrae,
1202 2817 1417 2911 praesidens

296 2928 549 3035 gubernaculo
571 2925 679 3001 navis
699 2923 806 2998 istius
825 2923 862 2996 in
880 2927 1134 3009 turbatissimo
1148 2939 1243 3012 mari
1258 2940 1416 3042 hujusne

299 3057 414 3137 seculi
432 3049 660 3140 fluctuantis,
677 3048 739 3122 ubi
758 3050 814 3121 est
829 3048 941 3122 etiam
956 3051 1095 3150 pharus
1110 3061 1261 3160 spiritns
1277 3067 1417 3169 alioqui

298 3183 338 3260 in
355 3175 521 3257 tenebris
539 3168 823 3249 obambulantis.
843 3168 971 3270 ltaque
990 3178 1065 3249 tres
1084 3178 1212 3258 domos
1231 3186 1344 3264 habet
1368 3192 1419 3267 di·

299 3309 389 3385 vina
404 3299 598 3405 sapientia,
613 3294 770 3395 primam
794 3292 1077 3391 inaedificatam,
1088 3309 1291 3402 aeternam,
1301 3313 1417 3394 immo

295 3438 416 3538 ipsam
447 3419 681 3505 aeternitatis
709 3415 853 3503 sedem3
883 3421 1082 3496 secundam
1109 3430 1416 3533 primogenitam,

294 3581 389 3662 quae
417 3557 473 3628 est
499 3552 571 3623 iste
599 3539 759 3617 mundus
778 3536 952 3628 visibilis3
981 3545 1130 3621 tertiam
1150 3559 1418 3659 secundogenj.

296 3688 390 3770 tam,
418 3695 514 3776 quae
541 3669 598 3742 est
611 3657 772 3736 bominis
787 3655 921 3730 anima.
935 3658 990 3731 De
1004 3663 1122 3759 prima
1140 3669 1228 3748 dioit
1246 3677 1329 3754 Job:
1344 3681 1418 3758 Do

296 3806 422 3885 minus
440 3794 546 3878 novit
560 3792 683 3866 locum
700 3780 809 3855 illius.
820 3779 875 3853 De
889 3783 1050 3857 secunda
1064 3786 1249 3872 Salomon:
1265 3801 1347 3901 Ego
1362 3831 1417 3882 sa.

295 3926 438 4033 pientia
464 3915 593 3997 habito
622 3908 661 3982 in
683 3900 851 3989 excelsis,
879 3899 916 3972 id
943 3906 997 3974 est
1019 3903 1055 3976 in
1070 3914 1192 4001 astris,
1207 3917 1245 3992 in
1259 3931 1414 4004 aeterno

296 4046 545 4130 firmamento.
573 4033 629 4110 De
656 4023 768 4102 tertia
787 4019 985 4109 subinfert,
1001 4021 1127 4103 habito
1142 4033 1180 4107 in
1194 4043 1360 4139 consilio,
1376 4056 1415 4128 et

296 4171 448 4253 eruditis
474 4167 657 4242 intersum
679 4140 975 4244 cogitationibus,
991 4147 1028 4216 et
1041 4144 1191 4229 deliciae
1206 4184 1311 4240 meaa
1326 4195 1412 4250 esse

297 4323 383 4381 oum
395 4293 480 4374 fflfis
493 4281 699 4365 hominum.
709 4269 782 4346 Hio
795 4288 884 4366 ergo
898 4264 1047 4338 tandem
1061 4266 1157 4347 inter
1170 4277 1340 4365 homines
1355 4320 1413 4371 sa-
