3442 5108
880 682 1001 737 ARTIC.
1020 684 1053 735 L.
1167 724 1171 733 .

457 916 500 992 ln
518 914 693 992 universo
711 916 861 992 tandem
887 917 1044 1020 physico
1080 917 1213 995 auditu
1231 943 1252 994 e
1270 915 1411 1005 multia,
1439 942 1533 1019 quos

410 1041 566 1119 adduxit
584 1039 815 1136 Aristotelea
834 1041 1060 1144 syllogismis
1092 1067 1140 1119 ne
1166 1065 1285 1119 unum
1303 1039 1451 1144 quidem
1479 1048 1534 1119 at-

298 1227 301 1233 .
408 1167 493 1244 tulit
511 1168 858 1245 demonstrativum.

905 1440 1026 1492 RATIO.

457 1675 528 1754 Ubi
547 1673 779 1777 principium,
799 1696 961 1766 causam,
994 1678 1182 1764 naturam,
1210 1675 1367 1767 motum,
1396 1672 1527 1751 infini-

404 1809 497 1898 tum,
516 1803 651 1891 locum,
672 1827 845 1889 vacuum,
872 1806 1019 1904 tempus
1038 1804 1076 1878 et
1095 1799 1238 1904 reliqua
1268 1800 1530 1880 consideratio·

403 1932 461 2009 nis
480 1934 648 2034 subjecta
666 1932 762 2009 male
790 1930 940 2008 definita
958 1935 1058 2024 sunt,
1077 1929 1170 2007 nihil
1189 1934 1247 2007 est
1264 1930 1362 2032 quod
1376 1957 1466 2010 vere
1482 1934 1530 2010 de

404 2058 449 2135 iis
468 2058 587 2161 magis
605 2083 717 2160 quam
745 2059 789 2134 de
807 2081 882 2134 non
902 2061 985 2134 ente
1005 2054 1252 2133 demonstrari
1279 2056 1408 2158 possit.
1429 2056 1529 2134 Non-

403 2210 451 2262 ne
466 2190 504 2263 et
521 2184 714 2262 Aristoteli
741 2188 779 2262 et
806 2183 976 2262 omnibus
991 2181 1211 2258 confirmata
1238 2181 1422 2258 sententia
1448 2192 1527 2271 est,

405 2313 503 2415 quod
522 2315 607 2387 ante
626 2310 979 2388 demonstrationem
992 2307 1038 2384 de
1055 2307 1224 2408 subjecto
1251 2330 1529 2409 praecognosce-

403 2463 445 2514 re
460 2440 640 2541 oporteat,
659 2438 747 2540 quid
766 2436 814 2514 sit
831 2436 952 2539 ipsum
967 2435 982 2510 l
1000 2435 1024 2510 J
1025 2455 1086 2510 am
1105 2434 1315 2534 subjectum
1341 2435 1409 2510 sub
1432 2459 1528 2511 con-

405 2573 516 2671 ceptu
551 2567 672 2644 malae
691 2565 914 2645 definitionis
940 2588 1016 2641 non
1043 2567 1101 2640 est
1118 2562 1262 2664 ipsum,
1285 2588 1361 2640 non
1379 2567 1438 2640 est
1455 2591 1527 2642 ve·

408 2722 504 2775 rum:
523 2723 571 2774 ex
590 2722 676 2799 quo,
696 2695 869 2798 quicquid
888 2695 932 2770 de
951 2693 1030 2795 ipso
1049 2693 1088 2770 in
1107 2691 1345 2771 conclusione
1372 2694 1524 2797 syllogi-

410 2824 505 2902 stica
522 2825 758 2927 praedicatur
777 2823 1049 2924 induciturque,
1068 2827 1246 2924 tanquam
1266 2822 1310 2898 de
1337 2848 1413 2901 non
1440 2829 1527 2902 ente

408 2950 617 3040 inducitur,
631 2956 668 3028 et
687 2953 855 3027 remanet
874 2950 1206 3052 argumentationis
1225 2950 1345 3029 forma
1363 2978 1429 3030 seu
1448 2980 1528 3058 spe-

406 3079 480 3156 cies
512 3080 592 3157 sine
625 3082 793 3182 subjecta
820 3083 999 3167 materia,
1027 3081 1274 3183 provenitque
1312 3082 1449 3184 aliquid
1475 3082 1527 3160 lo

405 3210 530 3313 gicum
559 3209 678 3312 magis
702 3209 841 3286 faciens
860 3209 906 3284 ad
929 3207 1069 3310 ingenii
1083 3207 1260 3308 juvenilis
1283 3209 1524 3302 exercitium,

405 3360 515 3438 quam
534 3336 754 3439 physicum,
782 3334 953 3437 quodque
971 3333 1017 3408 ad
1036 3332 1240 3410 veridicam
1257 3334 1392 3411 mentis
1416 3335 1526 3438 perti-

404 3467 492 3540 neat
507 3462 779 3540 formationem.

456 3591 560 3668 Finis
579 3591 617 3667 in
636 3591 666 3666 L
684 3588 830 3693 physici
849 3587 1000 3665 auditus
1014 3586 1206 3663 articulos,
