3442 5108
902 324 1061 388 -ol-

415 512 507 589 nihil
536 510 757 601 consentiat,
778 510 837 587 cni
867 511 980 586 etiam
1009 509 1156 612 aliquod
1180 508 1433 588 testimonium
1455 511 1542 587 dare

418 639 567 715 videtur
596 635 789 737 catalogus
817 637 977 737 exiguus
1005 635 1251 738 quorumdam
1270 636 1380 738 longe
1412 664 1435 714 a
1469 664 1543 714 me·

418 764 539 840 moria
566 762 764 838 hominum
793 763 1040 865 sepositorum
1059 760 1162 864 (sive
1182 761 1320 838 famam
1339 763 1543 865 sapientiae

417 889 587 980 verioris,
616 889 696 963 sive
725 912 875 965 sensum
903 894 1114 990 spectemus
1144 888 1263 989 ipsum
1301 893 1339 963 et
1367 888 1542 964 authori-

415 1014 560 1117 tatem),
589 1014 718 1114 quales
746 1019 833 1091 sunt
852 1013 1043 1104 Chaldaei,
1064 1013 1321 1115 Pythagorici,
1342 1020 1379 1088 et
1402 1013 1543 1089 divino

415 1168 499 1218 rum
528 1141 787 1242 quorundam,
817 1165 976 1241 quorum
1004 1164 1137 1215 sensus
1165 1139 1210 1215 ad
1239 1138 1478 1241 metaphoras
1515 1167 1537 1215 a

417 1267 685 1370 posterioribus
723 1272 779 1343 cst
817 1271 1033 1343 contractus
1070 1272 1108 1342 et
1140 1265 1361 1343 devolutus:
1391 1292 1438 1343 ex
1466 1266 1539 1342 alia

415 1422 507 1473 vero
536 1400 642 1496 parte
671 1400 726 1470 tot
745 1393 947 1495 sapientiae
966 1393 1154 1470 humanae
1173 1393 1434 1495 protoplastes,
1455 1420 1541 1470 oum

417 1518 510 1593 adeo
539 1541 740 1593 numeroso
769 1515 960 1607 comitatu,
991 1515 1052 1616 qui
1072 1517 1117 1591 de
1136 1515 1376 1616 suggestibus
1396 1515 1542 1591 univer·

415 1644 478 1735 sie,
498 1647 554 1719 tot
582 1641 729 1734 seculis,
759 1642 795 1716 in
826 1646 882 1717 tot
895 1702 897 1708 .
910 1640 1134 1740 regionibus,
1154 1655 1233 1717 tam
1252 1641 1402 1742 egregie
1424 1642 1540 1717 musis

416 1769 702 1871 imperitarunt:
735 1770 815 1870 jam
853 1768 974 1869 magis
1011 1792 1080 1869 ego
1117 1793 1192 1845 una
1224 1794 1310 1844 cum
1338 1768 1466 1867 paucis
1493 1770 1540 1844 ad

413 1896 511 1972 hanc
540 1895 914 1996 contemptibiliorem
943 1901 1088 1997 partem
1117 1895 1302 1988 inclinem,
1323 1900 1389 1971 aut
1408 1895 1539 1971 saltem

412 2022 505 2126 (pro
532 2028 616 2098 rata
638 2018 795 2124 judicii)
823 2047 869 2096 ex
899 2046 1016 2123 aequo
1046 2021 1225 2098 inclinare
1259 2021 1398 2123 possim
1427 2025 1539 2122 atque

413 2148 459 2223 ad
486 2147 655 2224 alteram.
677 2148 734 2222 Ab
755 2146 826 2222 hac
845 2147 1042 2238 sententia,
1064 2173 1170 2249 quae,
1191 2148 1263 2223 hoo
1282 2147 1401 2249 posito
1423 2146 1538 2223 veluti

412 2271 593 2375 principio
623 2279 734 2373 atque
764 2272 1015 2363 fondamento,
1035 2271 1150 2347 veluti
1179 2272 1388 2347 necessario
1416 2271 1540 2347 subse-

413 2397 555 2497 quitur,
586 2397 786 2496 inferriqoe
814 2422 921 2497 posse
950 2397 1122 2488 videtur,
1156 2422 1292 2497 quaeso
1330 2397 1541 2498 supersede-

411 2528 462 2615 te,
483 2521 540 2627 (l)
559 2527 596 2598 et
632 2523 836 2624 permittite
851 2549 910 2599 me
930 2548 1054 2599 meum
1084 2523 1205 2599 adhuc
1236 2548 1456 2625 suspensum
1485 2546 1539 2596 re-

411 2651 530 2726 tinere
552 2650 756 2752 judicium,
787 2650 1024 2753 quoadusquo
1054 2649 1137 2725 aliis
1165 2650 1202 2725 in
1230 2648 1536 2751 philosophorum

413 2776 542 2853 schola
556 2777 722 2878 probatis
750 2777 871 2879 magis
889 2777 1101 2853 convincar
1130 2777 1334 2853 rationibus
1365 2781 1411 2852 ct·
1430 2801 1539 2876 argu-

411 2901 562 2994 mentis,
585 2907 627 2979 ut
655 2903 771 2978 tutius
790 2903 941 2979 tandem
961 2903 999 2978 in
1020 2929 1102 2979 eam
1122 2903 1278 2980 sortasse
1298 2902 1443 2978 deserar
1457 2927 1538 2978 sen·

410 3027 572 3103 tentiam
600 3053 711 3128 quam
739 3027 929 3105 mavultis.
959 3028 1105 3104 Moram
1129 3028 1237 3105 istam
1274 3053 1392 3128 aequo
1412 3027 1534 3103 animo

411 3177 478 3227 vos
506 3152 597 3228 mihi
631 3154 905 3231 condonaturos
934 3180 977 3230 ea
1002 3154 1145 3230 ratione
1182 3154 1339 3236 conlido,
1361 3154 1447 3254 quia
1466 3178 1534 3225 uos

413 3302 487 3354 non
508 3279 684 3378 ignorare
703 3280 864 3355 arbitror
883 3279 980 3379 quod
1010 3279 1101 3355 mihi
1123 3282 1244 3380 potuit
1273 3305 1354 3355 csse
1383 3277 1535 3353 manile

412 3403 524 3494 stum,
545 3404 675 3503 utpote
696 3401 932 3478 numerosius
957 3402 1241 3477 contubernium
1270 3426 1344 3477 non
1374 3425 1454 3476 esse
1483 3400 1536 3474 ita

412 3526 591 3623 perpetuo
610 3523 791 3617 securius,
814 3524 979 3626 adeoque
998 3523 1160 3617 firmum,
1183 3529 1223 3600 ut
1243 3527 1290 3600 ab
1313 3547 1388 3600 uno
1409 3522 1539 3597 indivi-

409 3648 482 3723 duo
520 3648 706 3726 interdum
735 3650 841 3727 facile
875 3650 1045 3726 convinci
1079 3659 1241 3752 nequeat
1275 3659 1312 3726 et
1341 3649 1534 3749 dissipari:

413 3777 632 3877 praesertim
653 3779 714 3853 ubi
733 3777 873 3855 multae
890 3777 985 3868 lites,
999 3776 1139 3853 multae
1158 3777 1405 3862 confusiones
1433 3776 1536 3851 rixae

415 3902 567 3997 multae,
587 3904 804 3981 innumerae
833 3902 1051 3994 discordiae,
1066 3903 1118 3980 nil
1139 3904 1364 3994 ordinatum,
1384 3901 1435 3978 nil
1456 3902 1536 3977 cla-

417 4053 512 4123 rum,
532 4029 584 4107 nil
602 4031 800 4123 munitum,
824 4035 862 4105 et
888 4028 950 4106 ubi
978 4034 1240 4130 praeterquam
1260 4027 1428 4119 intituli,
1457 4052 1538 4128 pro·

430 4239 433 4246 Ι
457 4270 502 4354 (l)
516 4270 540 4329 ll
553 4269 630 4326 testo
644 4263 692 4323 ha:
707 4267 902 4343 supersedite.
918 4267 943 4326 ll
957 4265 1080 4324 Glrbrer
1093 4274 1235 4333 corregge
1250 4276 1320 4335 pure
1335 4268 1537 4343 supersedete.
