3442 5108
751 322 929 384 -154-

295 511 406 614 duplo
435 516 523 587 sunt
550 509 675 612 plures
699 516 823 621 partes
846 505 1025 609 'aequales
1045 504 1083 580 iu
1102 503 1201 579 linea
1228 502 1277 594 A,
1306 525 1420 603 quam

295 639 333 714 iu
360 638 459 714 linea
486 637 539 728 B3
570 635 666 712 unde
686 658 734 710 an
752 633 792 709 iu
810 632 918 734 plura
937 628 1131 707 divisibilis
1151 628 1200 704 sit
1218 627 1295 720 illa,
1306 653 1419 730 quam

294 764 368 840 ista
389 762 498 849 linea,
514 765 552 837 ot
567 760 677 862 duplo
692 761 873 861 majorem
893 758 1060 834 obtineat
1070 754 1291 858 potentiam,
1321 753 1421 832 vide-

295 892 370 969 rint
384 890 459 967 alii.
471 890 637 966 Tandem
647 914 715 965 cur
733 912 808 964 non
823 887 967 989 judicat
977 885 1212 979 Aristoteles,
1224 885 1321 987 quod
1333 910 1420 962 cum

295 1017 394 1095 linea
421 1016 614 1093 divisibilis
642 1017 692 1092 sit
719 1016 758 1093 in
786 1040 932 1116 semper
945 1015 1147 1091 divisibilia
1166 1013 1205 1090 in
1219 1012 1419 1106 infinitum,

295 1151 333 1223 et
361 1150 630 1248 consequenter
644 1145 682 1221 iu
700 1145 845 1222 infinito
865 1146 940 1221 siut
967 1145 1112 1221 infinita
1139 1144 1262 1220 adhuc
1281 1143 1321 1219 iu
1339 1142 1420 1220 infi-

294 1273 415 1350 nitum
433 1271 642 1363 divisibilia,
666 1276 864 1374 propterea
886 1271 936 1346 illi
966 1296 1041 1347 non
1070 1294 1262 1347 remanere
1280 1269 1418 1362 locum,

295 1424 411 1501 quare
438 1399 477 1474 in
496 1399 616 1500 primo
635 1400 877 1500 physicorum
905 1403 982 1475 tam
1011 1406 1163 1477 strenue
1183 1403 1319 1501 urgeat
1345 1401 1419 1476 ad-

297 1549 430 1602 versus
449 1526 727 1624 Anaxagoram,
757 1529 800 1600 ut
818 1549 864 1599 ex
884 1527 990 1626 cujus
1015 1525 1198 1601 sententia
1216 1549 1417 1630 consequa·

296 1656 369 1739 tur,
397 1652 436 1726 in
462 1650 607 1727 infinito
635 1674 716 1726 esse
744 1650 887 1726 infinita
915 1650 1124 1726 infinitiesl

349 1776 427 1855 Cur
454 1801 528 1852 non
548 1780 586 1851 et
600 1774 775 1851 infinities
795 1773 851 1879 (l)
867 1774 965 1852 ultra
984 1775 1159 1852 infinities
1179 1777 1323 1854 infinita
1337 1802 1419 1878 pro

296 1905 518 2007 gradiemur,
540 1902 601 1979 ubi
621 1903 658 1978 iu
674 1901 818 1978 infinita
832 1903 1007 1981 infinities
1026 1905 1133 2007 plura
1153 1906 1345 1983 divisibilis
1361 1911 1421 1984 est

295 2029 520 2132 superficies,
536 2051 648 2131 quam
666 2028 775 2119 linea,
796 2031 833 2103 et
847 2053 981 2130 corpus
1002 2028 1177 2107 infinities
1205 2033 1244 2108 in
1272 2032 1420 2110 infinita

294 2160 414 2262 plura,
444 2182 556 2260 quam
584 2157 828 2258 superficiesl
857 2159 969 2235 Aliud
997 2186 1088 2237 sano
1116 2169 1173 2238 est
1200 2164 1419 2265 magnitudo

297 2283 582 2370 mathematice,
611 2282 710 2358 aliud
738 2284 956 2385 magnitudo
983 2286 1136 2388 physice
1164 2295 1324 2392 sumpta.
1353 2291 1422 2367 Est

295 2419 422 2492 autem
440 2418 598 2490 naturae
625 2412 804 2488 dividenti
831 2413 1013 2489 terminus
1047 2414 1270 2498 indivisibile
1300 2418 1421 2519 quod·

295 2543 393 2635 dam,
423 2543 521 2644 quod
539 2540 711 2617 videlicet
740 2541 778 2616 in
806 2541 914 2642 plura
934 2541 1007 2617 alio
1026 2567 1102 2618 nou
1120 2542 1309 2636 dividitur,
1331 2569 1416 2620 cum

293 2673 332 2749 iu
351 2672 472 2774 ipsmn
500 2669 599 2746 facta
626 2669 738 2745 luerit
765 2668 916 2762 divisi03
947 2669 1045 2770 quod
1073 2667 1218 2745 etiamsi
1254 2669 1350 2746 ratio
1381 2675 1420 2747 et

295 2797 475 2874 mathesis
486 2797 580 2873 citra
590 2795 723 2896 praxin
734 2793 791 2898 (2)
801 2819 950 2872 omnem
960 2799 998 2870 et
1008 2820 1118 2871 usum
1128 2796 1175 2871 ad
1186 2820 1323 2873 vanam
1341 2801 1424 2874 tan-

295 2929 377 3001 tum
404 2922 754 3025 contemplationem
775 2922 864 2999 velit
890 2923 1034 3001 infinite
1050 2925 1233 3002 divisibile
1253 2927 1421 3003 adsume

298 3077 351 3144 re,
371 3051 483 3127 faciat
500 3049 546 3126 ad
565 3048 772 3125 arbitrium.
792 3048 899 3125 Facit
913 3055 1014 3126 certe
1032 3054 1166 3127 natura
1184 3052 1421 3146 divisionem,

295 3204 362 3280 per
381 3202 493 3280 quam
512 3180 804 3253 consentaneum
823 3181 881 3253 est
899 3177 946 3252 ad
973 3177 1055 3254 illas
1085 3179 1216 3257 ultimo
1245 3181 1418 3258 minimas

296 3310 421 3408 partes
449 3305 648 3391 devenire,
678 3306 725 3382 ad
753 3331 845 3406 quas
874 3306 1017 3383 nullum
1045 3309 1244 3386 artificium
1271 3311 1416 3387 instru-

296 3439 423 3513 mento
452 3435 576 3537 aliquo
603 3434 755 3537 propius
783 3435 960 3512 accedere
997 3437 1132 3539 possit;
1168 3438 1422 3542 ultraquam,

297 3588 383 3639 cum
410 3561 535 3639 nullus
563 3567 669 3639 actus
689 3567 847 3640 naturae
861 3589 981 3666 neque
1001 3566 1155 3642 alterius
1176 3592 1310 3644 causae
1332 3594 1423 3671 pro-

296 3693 499 3794 grediatur,
529 3693 615 3796 quid
644 3692 798 3770 rationis
826 3698 907 3787 est,
937 3695 1032 3796 quod
1061 3700 1138 3770 tam
1167 3696 1353 3773 subtiliter
1382 3701 1420 3774 et

296 3821 447 3924 egregio
475 3846 550 3898 non
578 3820 820 3924 physicorum
847 3847 950 3900 more
979 3824 1043 3899 sed
1072 3823 1423 3902 mathematicorum

295 3950 400 4028 ludat
427 3951 652 4053 ingenium?
681 3951 740 4027 Ex
768 3951 930 4027 minimis
967 3951 1039 4028 illis
1067 3951 1284 4052 corporibus
1314 3978 1424 4031 omne

299 4102 433 4179 corpus
461 4077 720 4178 componitur,
750 4101 885 4179 corpus
921 4076 1072 4179 inquam
1100 4075 1295 4170 sensibile,
1324 4077 1423 4179 quod

339 4243 388 4322 (1)
402 4244 427 4303 Il
440 4247 517 4303 testo
528 4244 622 4322 ripeta
634 4247 783 4322 enfinr'tiea
797 4245 854 4304 due
869 4246 956 4305 volte.

336 4345 381 4425 (2)
396 4346 420 4404 ll
433 4350 510 4406 testo
527 4346 574 4406 ha:
587 4350 702 4424 paxillo.
