3442 5108
691 372 851 432 -50-

215 563 273 637 ter
292 561 390 663 quod
410 552 567 637 caeteris
587 563 645 638 est
663 558 797 652 vitale,
817 563 929 662 atque
949 559 1152 655 medicina,
1178 560 1338 666 idipsum

211 683 282 760 sibi
302 682 452 760 exitiale
472 683 726 786 experiantur.
746 681 866 758 Porro
885 680 1019 783 quibus
1038 708 1061 759 a
1080 682 1155 760 fato
1183 685 1338 763 meliora

210 811 336 886 animo
356 815 444 887 sunt
463 810 619 913 elargita
638 809 747 900 dona,
767 808 903 909 quique
919 808 1073 887 omnino
1088 811 1336 891 dormientem

211 936 376 1013 animam
409 961 482 1014 non
503 940 592 1013 sunt
609 934 749 1038 adepti,
769 933 863 1010 citra
883 960 1061 1045 magnam
1081 934 1337 1016 difficultatem

212 1065 444 1165 arduumque
463 1062 662 1165 negocium
682 1061 806 1138 licebit
829 1087 1128 1163 quaqueversum
1157 1090 1238 1141 sese
1262 1065 1337 1143 dif-

212 1190 369 1266 fundens
398 1187 454 1292 (l)
469 1214 578 1292 posse
607 1188 802 1289 concipere
830 1186 968 1281 lumen,
989 1187 1187 1289 siquando
1215 1191 1262 1267 ad
1281 1216 1340 1266 ar-

211 1340 291 1390 cem
315 1313 445 1414 judicii
474 1339 590 1416 supra
617 1312 826 1390 communis
855 1337 986 1390 sensus
1014 1318 1127 1416 atque
1155 1314 1239 1392 fidei
1263 1341 1339 1393 am·

212 1439 329 1515 bitum
359 1438 524 1517 revocati
554 1442 592 1516 et
618 1439 717 1516 inter
745 1441 836 1516 duas
870 1440 1175 1517 contradictionis
1211 1446 1337 1544 partes

214 1566 407 1643 constituti
417 1565 565 1668 judices
576 1565 754 1642 ordinarii
769 1565 874 1642 exuti
888 1565 1044 1644 affectus
1063 1567 1235 1671 caligine,
1256 1574 1337 1645 tum

217 1689 395 1767 intentius
424 1690 619 1792 utriusque
646 1690 764 1794 partis
792 1690 956 1779 rationes
984 1691 1185 1768 exaudiant
1204 1698 1242 1769 et
1260 1693 1338 1771 dili·

193 1824 345 1916 genter
373 1816 609 1909 examinent,
638 1821 676 1893 et
703 1842 821 1918 aequa
848 1816 953 1894 lance
972 1815 1147 1918 quidquid
1167 1819 1336 1897 sensibus
1421 1840 1423 1845 ’

213 1945 361 2021 videtur
379 1947 574 2046 apertum,
594 1942 812 2044 vulgatum,
832 1968 1070 2031 conoessum,
1090 1948 1277 2038 constans,
1297 1975 1335 2023 a·

210 2071 371 2161 micum,
399 2073 511 2170 atque
538 2068 804 2149 domesticum.
839 2067 956 2146 sicubi
985 2069 1023 2145 in
1043 2071 1337 2148 controversiam

212 2196 326 2273 luerit
346 2198 577 2287 revocatum,
594 2220 679 2272 cum
699 2220 743 2271 eo
757 2196 855 2296 quod
865 2195 1014 2273 videtur
1027 2197 1337 2276 absurdissimum

210 2323 439 2415 adversaria
461 2324 666 2399 conferant.
686 2323 744 2398 lta
770 2321 871 2398 enim
893 2321 957 2400 fiet
977 2329 1018 2400 ut
1037 2324 1188 2400 tandem
1208 2349 1335 2403 coram

211 2450 366 2526 deorum
385 2446 653 2548 hominumque
676 2445 817 2548 judicio
835 2471 907 2523 non
928 2451 1091 2540 temere,
1112 2449 1217 2526 velut
1235 2448 1338 2551 igno·

211 2572 283 2649 bile
303 2571 452 2673 vulgus
473 2570 630 2664 servile,
651 2573 763 2671 atque
780 2571 970 2673 stupidum
988 2596 1113 2674 pecua,
1133 2571 1171 2650 in
1189 2573 1338 2676 profun-

212 2701 259 2776 do
280 2697 519 2777 obscuritatis
539 2701 650 2799 atque
670 2697 907 2800 ignorantiae
924 2699 1125 2792 barathro,
1145 2703 1337 2803 tamquam
1433 2702 1436 2709 ’

211 2827 247 2902 in
268 2823 473 2903 meridiana
491 2823 574 2900 luce
594 2827 631 2899 et
650 2848 828 2925 expressa
847 2823 1005 2901 veritate
1024 2824 1229 2919 constituti,
1250 2851 1335 2904 cre-

211 2950 346 3027 didisse
375 2947 584 3026 videantur:
605 2948 709 3027 velut
730 2949 754 3024 ii
774 2974 903 3026 omnes
931 2949 1064 3051 quihus
1092 2975 1239 3052 quoque
1259 2977 1338 3053 per·

213 3101 368 3155 suasum
397 3099 478 3152 esse
496 3079 619 3178 potest
637 3075 804 3153 divinam
824 3101 988 3178 unquam
1007 3100 1088 3153 esse
1107 3100 1214 3178 posse
1233 3077 1336 3152 veri-

210 3209 325 3280 tatem
352 3226 448 3303 quae
470 3227 642 3295 sensum,
663 3225 825 3305 vereque
852 3200 1044 3295 naturale,
1065 3206 1103 3279 et
1122 3201 1330 3281 humanum

205 3328 392 3433 judicium
411 3327 661 3429 subterfugiat
680 3332 792 3429 atque
810 3326 1036 3405 reformidet.

264 3457 345 3557 Ego
366 3455 473 3559 plane
492 3452 740 3560 (auditores)
762 3454 904 3547 videns,
925 3458 963 3531 et
981 3478 1027 3530 ex
1046 3451 1171 3530 animo
1192 3453 1334 3547 videns,

211 3584 320 3685 longe
350 3583 497 3685 lateque
516 3581 741 3684 sophisticae
760 3580 1017 3686 philosophiae
1036 3581 1208 3656 tenebras
1227 3579 1336 3657 titulo

213 3716 250 3786 et
286 3707 564 3786 existimatione
593 3707 686 3786 lucis
713 3713 846 3785 contra
871 3707 1042 3785 veritatis
1071 3704 1256 3807 fulgorem
1284 3706 1337 3784 ita

212 3839 440 3939 grassantes,
470 3837 582 3935 atque
604 3833 1017 3936 praesumptuosissime
1035 3831 1335 3934 triumphantes,

210 3966 252 4040 ut
271 3961 317 4036 ab
337 3960 382 4036 iis
402 3959 563 4061 undique
583 3964 774 4061 tamquam
801 3960 848 4035 ab
868 3960 947 4062 ipso
973 3957 1050 4035 sole
1085 3957 1224 4034 veritas
1243 3963 1336 4035 tam·

209 4107 322 4185 quam
341 4082 546 4183 oymmeria
565 4081 686 4185 caligo
706 4080 950 4183 explodatur,
972 4079 1213 4172 exsibilatur,
1233 4083 1271 4155 et
1288 4103 1336 4155 ne

254 4320 298 4398 (1)
313 4317 338 4377 u
353 4319 429 4376 rosto
444 4314 493 4375 aa:
508 4313 689 4392 capenam.
