3442 5108
781 336 937 401 ..49-

292 533 353 626 tis,
382 536 496 635 atque
523 526 742 605 illaboratae
760 526 913 604 virtutis
932 531 1022 605 tuae
1041 528 1154 605 index
1174 532 1212 606 et
1232 529 1338 607 testis
1358 536 1427 610 est.

296 659 420 737 Crinis
457 654 659 733 Berenices
690 652 910 731 facilitatem
938 663 976 731 et
1003 658 1266 733 ornamentum
1295 657 1427 758 aperit.

293 786 440 887 Auriga
458 780 750 875 Erichthonim,
769 780 833 883 qui
852 781 1017 858 carmine
1036 807 1196 883 quercus
1215 783 1425 863 adtraxisse

233 957 237 964 ·
295 915 442 1005 fertur,
471 910 643 988 nativum
670 908 859 1010 eloquium
886 913 925 985 et
952 909 1137 1009 gratiam,
1168 935 1242 1011 qua
1269 911 1428 988 durissi-

297 1064 378 1116 mas
405 1041 538 1141 gentes
567 1036 606 1112 in
626 1034 818 1137 proprium
839 1035 1059 1137 obsequium
1078 1034 1428 1114 emolluisti.Trian-

300 1164 438 1268 gulas,
466 1162 652 1238 virtutum
690 1161 909 1249 ternarium,
937 1159 1183 1238 Prudentiam
1211 1187 1286 1263 qua
1313 1186 1424 1263 nego-

298 1291 348 1366 tia
377 1288 503 1366 omnia
531 1313 570 1364 es
598 1287 767 1379 adorsus
796 1285 1066 1364 Strenuitatem
1096 1312 1170 1389 qna
1198 1287 1327 1364 eadem
1347 1312 1428 1390 per-

299 1415 433 1503 fecisti,
461 1418 498 1490 et
525 1438 609 1489 earn
637 1437 711 1515 qua
738 1411 838 1488 facta
866 1411 1062 1488 defendisti
1087 1412 1329 1490 Virilitatem.
1360 1413 1429 1490 Ca-

296 1567 363 1644 pra
391 1566 476 1617 curn
504 1538 634 1617 haedis
662 1538 734 1642 (ex
762 1538 799 1613 vi
828 1536 1003 1642 siderali)
1031 1538 1336 1631 sollicitudinem,
1364 1541 1426 1616 di-

298 1668 545 1771 gniorumqne
564 1690 692 1743 rerum
711 1689 852 1742 curam.
870 1665 993 1766 Caput
1020 1663 1113 1742 illud
1133 1665 1320 1768 Gorgonis
1338 1668 1430 1745 reci-

282 1818 381 1875 ¹sum
397 1791 465 1896 (l),
482 1792 542 1883 cui
558 1817 624 1893 pro
639 1791 805 1869 crinibus
823 1790 1105 1869 venenosissimi
1115 1818 1259 1896 angues
1274 1794 1429 1895 implan-

299 1925 440 2013 tantur,
460 1924 672 1996 monstrum
691 1918 781 1994 illud
801 1918 1107 2021 perversissimae
1126 1917 1183 2022 (2)
1202 1918 1430 2021 Tyrannidis

298 2046 464 2148 Papalis,
480 2046 540 2122 cui
570 2071 684 2147 supra
699 2045 920 2146 capillorum
948 2068 1146 2122 numerum
1174 2045 1363 2122 adsistunt
1391 2049 1431 2122 et

299 2172 565 2248 administrant
593 2171 791 2248 universae
820 2175 951 2248 contra
980 2172 1126 2264 Deum,
1155 2176 1355 2265 naturam,
1390 2176 1429 2248 et

299 2293 470 2369 homines
498 2293 738 2394 blasphemae
766 2293 930 2394 linguae,
951 2317 1121 2395 quaeque
1146 2292 1307 2393 pessimo
1327 2293 1431 2393 igno·

301 2421 446 2497 rantiae
475 2425 513 2496 et
541 2420 730 2522 nequitiae
759 2445 904 2496 veneno
924 2419 1104 2497 mundum
1123 2420 1308 2513 inficiunt,
1330 2421 1430 2522 qnod

301 2570 324 2622 a
352 2544 567 2646 regionibus
595 2545 675 2621 istis
704 2550 770 2621 tna
799 2546 938 2623 virtute
966 2547 1230 2622 detruncatum
1259 2549 1296 2622 et
1315 2545 1429 2622 avul-

302 2696 386 2748 sum
430 2672 658 2772 experimur.
698 2672 853 2749 Gladius
889 2672 951 2748 ille
978 2672 1242 2749 adamantinus
1271 2671 1430 2749 monstri

301 2794 415 2871 caede
443 2796 594 2888 rubens,
624 2797 761 2874 mentis
781 2798 944 2874 inuictae
964 2796 1230 2888 constantiam,
1252 2823 1325 2899 qua
1343 2797 1430 2873 hor-

301 2920 559 2997 rendissimam
589 2922 690 2998 illam
719 2924 836 3000 feram
865 2923 1068 3000 confecisti.

355 3045 481 3122 Tertio
515 3048 614 3124 orbis
649 3048 787 3152 obliqui
820 3050 944 3126 sidera
973 3048 1256 3151 respicientibus
1290 3073 1427 3125 occur·
1502 3097 1505 3105 ι

302 3174 391 3250 runt
418 3170 546 3246 Pisces
573 3171 625 3247 illi
654 3171 798 3261 Dionei,
826 3173 1019 3275 Phrygius
1048 3171 1224 3273 Ephebus
1244 3170 1428 3247 Ganime'-

302 3296 367 3372 des
397 3321 508 3396 quem
536 3299 745 3399 Aquarium
773 3299 973 3401 appellant,
1003 3299 1160 3401 Hispida
1187 3298 1329 3399 species
1359 3302 1430 3375 Ae·

303 3422 594 3523 gocerontisseu
607 3424 840 3528 Capricorni,
853 3425 992 3503 Chiron
1014 3429 1229 3514 centaurus,
1239 3423 1429 3524 Scorpius,

303 3549 428 3642 Libra,
458 3550 619 3628 Astraea
646 3551 768 3654 virgo,
790 3552 878 3645 Leo,
899 3551 1055 3644 Cancer,
1077 3551 1324 3629 Geminorum
1349 3551 1428 3628 Ca-

302 3673 415 3749 storis
444 3679 483 3751 et
510 3677 675 3754 Pollucis
713 3677 970 3770 simulacrum,
1007 3679 1176 3769 TaurnS,
1205 3675 1327 3751 Aries.
1358 3675 1428 3752 Ubi

302 3800 412 3877 Arios
441 3807 574 3879 aurato
602 3804 741 3881 vellere
769 3803 962 3905 effulgens,
991 3808 1097 3880 notat
1123 3824 1281 3879 aureum
1310 3807 1348 3877 ct
1366 3827 1428 3904 pa·
1515 3845 1519 3854 ·

303 3927 465 4022 cilicum,
494 3933 721 4033 auctumque
749 3929 918 4007 seculum
946 3935 1030 4032 post
1057 3930 1221 4006 ferreum
1250 3932 1288 4004 et
1315 3926 1431 4004 turbi-

345 4196 389 4276 (1)
405 4198 429 4256 ΙΙ
444 4203 521 4260 testo
536 4200 590 4262 ha:
606 4205 731 4264 recatus.

347 4296 390 4374 (2)
406 4297 427 4356 ll
441 4305 518 4360 testo
532 4304 581 4364 ha:
589 4304 830 4387 perversissime.
