3442 5108
768 356 942 416 -346-

295 499 389 557 strum
404 497 500 575 asole
521 516 694 575 repercusso
716 499 826 559 lumine
847 500 989 574 tellures,
1010 519 1061 560 seu
1076 503 1112 560 ad
1135 505 1257 564 eandem
1279 508 1427 583 synodum

295 626 460 700 spectantes
473 624 607 700 planetae
622 622 723 681 venire
736 628 867 699 possunt,
881 626 957 684 sicut
972 625 1136 702 apartibus
1150 629 1292 706 oppositis
1307 634 1422 689 tantum

294 745 437 821 imagines
453 743 649 802 reflectuntur
662 743 811 803 conversis
825 745 863 803 ad
877 746 1040 821 speculum,
1059 751 1088 805 et
1102 748 1221 806 umbrae
1234 749 1428 808 conversisud

296 863 424 939 vestigia
439 862 521 920 lueis.
531 860 623 920 Nulla
640 863 737 919 lamen
751 860 866 920 interea
881 863 958 922 ratio
970 870 1024 937 est,
1042 870 1082 938 ut,
1098 871 1160 925 tam
1178 868 1318 926 latissimo
1334 887 1428 928 rema-

296 991 382 1046 nente
397 986 475 1044 circa
489 982 694 1041 solisorbilam
709 1000 811 1059 campo
820 986 963 1045 consimili
980 992 1009 1046 et
1025 1007 1150 1065 uno,per
1162 991 1237 1049 hanc
1254 996 1428 1052 tant-ummo

295 1106 332 1164 do
348 1111 461 1182 partem
471 1104 502 1162 et
516 1120 573 1160 non
588 1101 661 1160 alias
672 1100 743 1160 ferri
759 1103 1136 1181 possintatqueconsistero
1149 1110 1289 1169 animalia
1301 1112 1357 1171 ista
1370 1112 1427 1191 (l),

293 1224 517 1284 mundiTestes
531 1226 600 1280 sunt
616 1222 634 1279 ii
648 1240 721 1297 quos
736 1226 865 1282 cometas
877 1225 1068 1300 appellamus
1079 1230 1169 1287 testes
1183 1227 1428 1304 aliquando‚licet

293 1348 453 1419 rarissime,
475 1346 512 1405 ab
527 1345 649 1405 occultis
671 1343 861 1420 corporibus,
876 1343 956 1417 solis,
977 1346 1014 1403 ab
1035 1346 1185 1405 historicis
1208 1349 1354 1409 adductae
1377 1348 1423 1428 (2)

294 1465 507 1544 eclipsationes.
518 1465 564 1524 nd
579 1463 747 1539 hujusmodi
763 1466 914 1520 astrorum
929 1465 1128 1538 conspectum,
1140 1467 1302 1541 aspectum,
1322 1484 1428 1524 occur-

294 1588 407 1659 sum,et
418 1584 571 1642 decursum
582 1579 811 1655 accidit‚majori
824 1579 986 1654 minorique
996 1578 1182 1655 elongatione
1192 1581 1321 1640 vicissim
1335 1581 1429 1655 facta,

294 1712 444 1765 astrorum
469 1703 654 1777 conspicuam
679 1698 911 1774 magnitudinem
933 1698 1113 1757 sensibiliter
1134 1699 1265 1772 variari,
1296 1699 1427 1776 quinimo

293 1826 382 1885 etiam
397 1824 534 1896 colorem,
549 1825 580 1879 et
593 1821 652 1879 alia
666 1821 761 1878 minus
775 1820 931 1877 observata
953 1818 1123 1879 accidentia.
1139 1821 1185 1879 Ad
1201 1821 1278 1880 soles
1304 1840 1377 1881 vero
1394 1841 1430 1881 e·

295 1948 391 2006 minus
412 1946 565 2021 abjunctus
591 1941 718 2000 nonita:
742 1942 783 1999 sic
805 1940 881 1998 enim
905 1912 1162 2017 diameter‘orbis,
1184 1961 1270 2019 quern
1294 1962 1423 2004 annuum

294 2064 412 2124 conficit
427 2063 514 2122 tellus
536 2061 614 2119 circa
634 2060 728 2118 solem
742 2078 798 2118 non
820 2063 866 2117 est
881 2060 957 2118 tanti
980 2062 1136 2134 momenti,
1152 2066 1185 2120 nt
1206 2064 1243 2123 ad
1265 2063 1422 2124 stellarum

294 2182 423 2242 fixarum
438 2182 600 2256 aspectum,
614 2176 717 2252 majori
732 2177 897 2238 accessione
910 2176 988 2237 facta
1003 2181 1138 2239 diametri
1151 2182 1283 2258 corporis
1295 2183 1423 2256 illorum,

294 2308 472 2369 varietatem
485 2304 614 2377 aliquam
629 2301 729 2358 valeat
750 2301 900 2376 accipere:
917 2305 950 2358 ut
971 2300 1008 2357 ad
1030 2318 1128 2359 arcem
1149 2302 1263 2361 duobus
1285 2303 1420 2363 tribusve

295 2424 468 2487 milliaribus
482 2424 658 2492 abstantem,
676 2420 800 2495 vinginti
822 2418 870 2477 vel
885 2420 1008 2494 triginta
1023 2419 1156 2496 passibus
1170 2421 1424 2498 adproximantes,

295 2547 418 2607 nibilum
434 2543 597 2602 videbimus
612 2542 705 2616 magis
719 2540 798 2599 illius
810 2540 960 2599 latitudini
970 2540 1120 2616 adjectum
1132 2558 1195 2601 esse
1207 2542 1354 2602 sensibile.
1364 2542 1423 2603 Sed

293 2668 324 2723 et
337 2663 424 2740 longe
438 2659 496 2720 alia
511 2660 587 2720 ratio
601 2662 646 2718 est
657 2659 694 2717 ad
708 2665 860 2734 aspectum
876 2657 1013 2716 luminosi
1035 2659 1176 2733 corporis,
1192 2677 1280 2734 quam
1302 2658 1350 2737 (3)
1366 2659 1424 2720 siet

294 2781 331 2841 ad
346 2781 427 2857 opaci
444 2778 489 2835 vel
505 2775 707 2836 illuminabilis
721 2774 852 2852 eorporis
867 2778 1038 2850 aspectum:
1056 2775 1241 2849 nequeenim
1257 2776 1362 2835 iisdem
1378 2795 1423 2837 ra·

293 2905 422 2964 tionibus
436 2900 635 2979 approprianti
650 2904 776 2975 augetur
790 2900 933 2957 diameter
947 2897 1130 2957 visibilitatis
1144 2897 1173 2956 in
1189 2916 1312 2976 corpore
1334 2901 1419 2961 unius

293 3029 408 3106 generis
422 3033 509 3103 atque
523 3025 652 3084 alterius.
668 3023 811 3082 Lucidum
833 3021 938 3096 quippe
953 3036 1078 3095 corpus,
1101 3022 1133 3077 ut
1154 3035 1240 3095 saepe
1261 3020 1422 3096 repetitum

294 3158 339 3213 est
354 3158 383 3211 et
397 3155 567 3227 repetetur,
589 3148 744 3222 absumpto
766 3145 852 3219 longe
873 3142 979 3220 majori
1001 3141 1227 3201 intermediante
1252 3139 1298 3220 (4)
1320 3159 1421 3219 opaco,

293 3272 322 3330 in
339 3271 442 3328 cadem
456 3265 589 3328 consistit
604 3263 807 3339 magnitudine
824 3248 950 3321 visibile.

333 3393 476 3457 Quocirca
490 3408 546 3449 non
560 3388 669 3448 eisdem
685 3385 836 3463 gradibus,
851 3383 956 3459 quibus
972 3382 1105 3459 planetas
1117 3381 1245 3459 majores
1257 3380 1340 3440 nobis
1358 3380 1422 3439 lieri

291 3523 381 3596 alque
402 3517 528 3577 minores
549 3513 726 3590 experimur,
749 3512 887 3569 debemus
902 3509 938 3567 de
960 3513 1118 3584 apparente
1140 3505 1311 3583 majoritate
1332 3511 1421 3580 atque

293 3640 464 3700 minoritate
476 3636 521 3716 (ὓ)
533 3637 603 3696 solis
616 3635 704 3713 hujus
717 3638 746 3694 et
758 3633 838 3692 illius
853 3630 1042 3709 concipienda
1052 3630 1201 3708 pensitare
1213 3634 1242 3689 et
1252 3628 1419 3688 aestimare.

294 3767 480 3837 Elementa,
505 3783 552 3823 me
573 3762 637 3821 licie
659 3762 694 3820 de
715 3757 902 3819 substantiali
924 3757 976 3816 illa
991 3760 1139 3816 astrorum
1157 3754 1222 3814 luce
1243 3750 1421 3812 meminisse.

323 3933 357 3991 (1)
368 3934 452 3984 Questa
464 3931 551 3985 virgola
560 3942 642 3974 manca
651 3928 686 3971 nel
696 3934 762 3971 testo.

323 4024 356 4081 (Ξ)
368 4028 453 4074 emma
463 4023 549 4079 virgola
560 4022 604 4064 ela
615 4020 748 4077 precedente
759 4031 869 4063 inaurano
878 4021 914 4061 nel
926 4024 1000 4072 testo,
1016 4031 1029 4061 e
1043 4029 1139 4060 serrone
1148 4028 1162 4060 a
1171 4014 1236 4058 levor
1244 4015 1369 4072 l'equirore
1379 4008 1416 4056 del

294 4120 357 4170 solla,
368 4116 411 4159 che
421 4116 460 4172 qui
470 4128 499 4159 vu
508 4128 549 4157 ron
560 4116 729 4170 eclipsoriones.

322 4212 353 4268 (3)
364 4211 383 4254 ll
393 4218 452 4255 testo
460 4212 497 4254 ha:
507 4223 584 4265 qoem.

322 4304 354 4359 (ll
365 4302 381 4345 ll
395 4310 453 4347 testo
464 4304 499 4346 ba:
512 4304 573 4344 inter
582 4300 706 4345 mediante.

322 4397 353 4454 (b)
364 4396 383 4440 ll
392 4403 449 4443 testo
460 4397 495 4442 ha:
506 4398 632 4443 minerate.
