3442 5108
782 335 941 396 ..83-

294 523 448 628 placuit,
459 531 502 601 ut
515 525 651 601 horum
665 523 780 601 series
799 522 853 599 illi
871 521 980 599 seriei
995 523 1172 625 perpetuo
1188 519 1423 623 respondeat,

297 649 457 752 quaein
484 651 586 728 libris
615 650 797 753 capitibus
824 654 937 751 atque
965 648 1158 724 sententiis
1182 645 1360 723 scientiae
1384 647 1425 724 et

296 776 477 853 historiae
495 777 541 853 de
558 781 696 854 natura
713 775 812 880 apud
831 773 1071 851 Aristotelem
1090 774 1328 875 comperitur.

670 1023 1062 1121 ARTIOULI

385 1274 516 1343 CIRCA
542 1277 717 1344 PRIMUM
742 1274 918 1343 PHYSlCl
941 1274 1130 1346 AUDITUS
1155 1275 1335 1344 LIBRUM.

727 1487 956 1549 ARTICULUS
979 1488 1004 1548 l.

505 1723 552 1775 DE
579 1723 756 1778 SUBJECTO
784 1720 971 1777 somma
998 1719 1214 1773 NATURALIS.

348 1924 544 2026 Nusquam
574 1917 767 1997 Aristoteli
785 1920 1000 2016 naturalia,
1030 1946 1229 2024 corporea,
1258 1920 1424 1998 mobilia·

296 2076 369 2156 que
388 2049 490 2127 entia
509 2070 590 2123 csse
609 2046 817 2146 subjectum
837 2046 1013 2124 scientiae
1032 2072 1107 2123 non
1122 2046 1335 2146 intelligunt
1354 2046 1424 2122 Pe·

295 2175 576 2280 ripateticorum
600 2171 763 2275 plurimi:
789 2197 910 2274 neque
937 2173 1179 2251 Aristotelem
1201 2173 1425 2288 ipsumlubi·

294 2327 366 2406 que
384 2305 559 2379 naturam
574 2299 846 2377 exclamantem
861 2299 1077 2378 exaudiunt.

651 2573 822 2628 ARTICULI
838 2572 942 2626 PRIMI
957 2571 1079 2628 RATIO.

349 2803 423 2880 Hic
441 2801 606 2879 nondum
622 2800 909 2896 Aristotelicam‚
925 2804 991 2881 sed
1004 2802 1330 2881 Aristotelicorum
1348 2804 1425 2882 fero

299 2930 464 3008 omnium
487 2931 660 3005 notamus
687 2928 726 3005 in
758 2929 917 3032 propriis
944 2929 1134 3033 principiis
1162 2931 1423 3033 ignorantiam.

298 3053 371 3130 Hic
389 3051 479 3127 illud
494 3057 551 3128 est
570 3052 607 3127 in
627 3053 845 3129 memoriam
859 3054 1123 3146 revocandum,
1144 3054 1242 3157 quod
1262 3081 1348 3133 cum
1372 3056 1426 3132 in·

298 3184 357 3257 ter
375 3178 615 3282 philosophos
630 3179 833 3281 quaeritur,
853 3203 899 3256 an
920 3179 1057 3281 aliquid
1077 3179 1228 3274 sciatur,
1247 3180 1329 3257 aliis
1343 3205 1427 3284 par·

298 3305 380 3399 tim,
396 3304 477 3382 aliis
497 3330 586 3381 vcro
604 3330 756 3407 prorsus
771 3302 1041 3382 affirmantibus
1056 3304 1115 3381 vel
1129 3307 1364 3408 negantibus
1379 3303 1426 3382 ad

299 3458 430 3510 ueram
457 3437 636 3536 perpetuo
664 3431 860 3535 respicitur
887 3431 1064 3509 scientiae
1092 3433 1301 3526 rationem,
1330 3456 1426 3535 quae

301 3583 387 3637 cum
415 3559 488 3635 illis
515 3558 634 3662 primo
662 3557 910 3660 posteriorum
938 3557 1199 3635 unaliticorum
1226 3557 1319 3635 libro
1339 3557 1426 3635 defi·

300 3684 380 3761 nita
408 3682 468 3771 sit,
496 3681 671 3758 nimirum
700 3681 745 3757 de
764 3681 932 3783 subjecto
950 3680 1133 3758 naturalis
1148 3680 1338 3776 scientiae,
1357 3706 1425 3759 seu

303 3806 625 3910 contemplationis
653 3805 834 3883 naturalis
862 3803 1166 3908 inquirentibus,
1198 3831 1273 3884 non
1302 3807 1426 3885 obtru-

302 3934 463 4013 denrlum
491 3937 548 4009 est
575 3958 737 4037 corpus,
765 3930 959 4026 sensibile,
987 3932 1143 4027 mobile,
1169 3931 1427 4040 naturalo,(l)

343 4181 389 4262 (1)
404 4175 462 4239 Nol
476 4178 552 4238 tosto
567 4176 617 4236 o'o
630 4193 668 4236 un
682 4178 784 4254 puato,
795 4175 849 4235 cho
863 4173 893 4234 fa
911 4173 1069 4235 terminare
1091 4175 1141 4252 qul
1157 4175 1177 4235 il
1198 4175 1317 4254 periodo
1339 4193 1355 4235 o
1370 4174 1425 4237 obo

301 4295 360 4340 non
380 4292 430 4337 va.
