3442 5108
766 369 943 431 -168-

294 552 448 658 ligibile)
461 555 694 633 terminatur.
710 557 837 658 Neque
857 559 972 653 obest,
993 559 1091 661 quod
1119 559 1158 635 in
1180 582 1319 660 genere
1337 583 1416 636 cor·

294 704 429 781 porum
437 680 747 782 perfectissimum
761 687 819 758 est
829 682 1058 776 universum,
1069 683 1157 786 quia
1166 687 1275 761 extra
1292 684 1415 787 ipsum

294 835 370 888 non
389 814 446 886 est
464 835 609 913 corpus3
630 810 717 888 hinc
731 811 868 887 etenim
886 808 1245 914 uullasequiturpro
1260 811 1340 914 ipso
1359 838 1417 888 ra·

294 939 359 1031 tic,
382 938 452 1013 nisi
472 938 662 1015 circularis
681 944 719 1014 et
732 943 861 1040 petens
880 940 977 1040 quod
997 942 1105 1017 estin
1124 941 1317 1044 principio
1333 943 1416 1019 Ex-

295 1069 352 1142 tra
369 1065 468 1143 enim
495 1065 567 1142 hoc
594 1066 742 1143 finitum
769 1067 815 1140 ab
844 1066 1045 1144 Aristotele
1063 1067 1320 1170 imaginatum,
1348 1093 1416 1146 nos

294 1194 535 1296 intelligimus
555 1194 743 1271 infinitum
761 1193 947 1296 spatium,
977 1198 1152 1297 astraque
1171 1221 1238 1272 seu
1256 1196 1416 1273 mundos

295 1327 473 1405 infinitos.
495 1325 604 1409 Quod
619 1324 649 1400 si
669 1325 722 1400 ita
744 1325 825 1424 jam
852 1320 1064 1398 Aristotelis
1093 1322 1311 1399 universum
1337 1347 1419 1423 per·

296 1456 436 1532 sectum
455 1459 525 1543 est,
540 1459 578 1531 et
588 1459 667 1555 ejus
682 1449 916 1555 perfectionis
927 1447 1122 1526 difficultas
1136 1451 1276 1528 intacta
1291 1454 1417 1529 elnon

298 1582 507 1684 improbata
521 1583 700 1657 remanet:
716 1577 933 1654 universum
948 1601 1104 1678 quoque,
1115 1578 1146 1654 si
1160 1578 1209 1655 sit
1218 1577 1417 1673 infinitum,

295 1688 383 1789 ideo
403 1713 515 1789 etiam
534 1712 738 1813 perlectum
754 1706 836 1792 erit,
856 1706 944 1808 quia
962 1710 1070 1781 extra
1098 1706 1219 1808 ipsum
1246 1731 1320 1784 non
1349 1709 1417 1800 est,

297 1840 336 1917 in
354 1841 451 1943 quod
469 1838 561 1914 fluat
579 1837 640 1913 vel
667 1834 906 1924 terminetur3
935 1833 1030 1909 unde
1049 1837 1176 1935 aperte
1195 1857 1294 1910 vana
1310 1833 1419 1911 relin-

302 1966 429 2066 quitur
459 1964 552 2039 haec
579 1960 731 2065 perfecti
759 1957 942 2049 definitio,
981 1965 1018 2035 et
1054 1960 1301 2037 consideratio
1338 1985 1419 2063 per-

300 2091 469 2170 fectionis
488 2089 665 2180 universi,
685 2087 754 2163 sub
773 2086 917 2162 ratione
934 2111 1010 2162 non
1029 2085 1220 2163 decidente
1235 2091 1348 2188 atque
1367 2086 1419 2162 di-

303 2224 508 2311 scemente‚
529 2220 608 2295 sive
626 2209 773 2294 finitum
792 2217 841 2293 sit
868 2217 970 2310 illud,
999 2217 1079 2294 sive
1106 2218 1305 2310 inlinitum,
1320 2218 1421 2294 labo·

301 2350 361 2422 rat
388 2347 456 2421 sub
485 2345 702 2448 aequivoco,
731 2349 860 2446 utpote
888 2345 956 2421 sub
985 2345 1140 2421 diversis
1160 2369 1296 2446 genere
1311 2345 1422 2421 ratio-

300 2473 422 2549 nibus,

761 2624 880 2679 Annio.
904 2627 962 2679 uu.

357 2851 514 2930 Constat
533 2853 631 2954 apud
650 2877 729 2946 nos
750 2853 943 2957 sphaerica
957 2877 1038 2930 esse
1056 2858 1169 2945 astra,
1190 2877 1283 2953 eque
1293 2852 1422 2954 sphae-

196 3016 199 3021 ·
303 2976 391 3052 ricis
410 2978 627 3078 corporibus
646 2978 790 3056 nullum
810 3005 902 3074 esse,
921 3004 991 3057 nec
1018 3005 1098 3056 esse
1124 3005 1233 3082 posse
1252 2978 1420 3082 simplex.

306 3106 450 3210 Corpus
470 3109 568 3185 enim
587 3110 756 3203 solidum,
776 3119 887 3214 utque
901 3110 1073 3188 sensibile
1088 3136 1136 3186 ex
1154 3109 1320 3211 pluribus
1339 3134 1424 3186 con·

305 3232 412 3309 sistat
430 3234 622 3311 elementis
642 3262 733 3337 opus
753 3243 821 3313 est:
841 3236 985 3314 nullum
1003 3236 1136 3338 quippe
1155 3235 1424 3312 elernentormn

304 3358 362 3461 (ut
382 3358 553 3437 elementi
570 3387 697 3438 vemru
708 3360 935 3466 obtineat(l)
946 3360 1143 3464 rationem)
1153 3362 1324 3438 sensibile
1342 3386 1423 3439 esse

304 3489 438 3587 potest3
458 3493 495 3562 et
514 3489 750 3565 ostendemus
769 3489 867 3565 lmnc
885 3489 1186 3591 sphaericitutem
1214 3488 1325 3565 astris
1341 3512 1424 3564 con-

306 3613 518 3691 venientem
545 3642 620 3693 non
638 3642 718 3694 esse
737 3622 909 3694 exactam
937 3620 1173 3720 geometrice,
1193 3645 1260 3695 seu
1279 3618 1326 3695 nd
1346 3643 1423 3694 mu·

306 3738 648 3836 theseosnornmm,
667 3744 729 3820 sed
744 3747 855 3845 juxta
873 3745 1038 3846 physicis
1057 3745 1273 3848 corporibus
1292 3770 1424 3822 conve·

307 3865 450 3942 nientes
464 3867 701 3946 differentias,

346 4143 391 4222 (l)
406 4143 430 4202 Il
444 4147 522 4203 testo
537 4143 587 4202 lm:
604 4144 726 4202 obtinet.
