3442 5108
656 315 774 383 -253
799 355 833 370 -

220 517 363 580 Primum
388 513 512 580 infinite
536 519 685 584 occurret
707 518 776 579 sine
799 513 881 578 mole
903 511 1059 598 profundo

220 644 260 708 Et
285 643 503 729 pertransibit,
529 644 645 729 duplici
668 642 820 725 fluxuque
844 645 955 707 notato

218 778 339 850 Centri,
363 796 499 859 quorum
523 777 606 840 alter
629 774 721 840 medii
744 793 800 858 per
822 773 960 856 compita
983 771 1061 835 coeli

219 905 384 971 Tendatur
407 906 458 989 qui
484 925 555 969 cum
579 904 664 969 coelo
688 904 720 967 in
744 923 861 988 gyrum
887 907 1066 980 moveatur3

220 1038 313 1102 Alter
337 1057 399 1101 uon
424 1037 523 1100 ullum
541 1017 694 1121 'raptatus
718 1035 850 1100 circinet
874 1034 994 1115 orbem,

220 1165 261 1232 Et
284 1185 376 1248 quem
399 1165 558 1230 sustineat
583 1164 660 1229 coeli
683 1162 838 1228 dissertor
861 1161 1005 1238 horizon,

220 1297 370 1380 Nunquid
395 1316 459 1360 non
486 1294 579 1360 medii
603 1292 755 1359 transibit
778 1293 862 1356 linea
885 1289 963 1355 coeli

223 1427 315 1490 Hanc
338 1426 491 1509 reliquam
515 1423 623 1501 fixam,
648 1422 718 1486 sive
741 1440 805 1486 una
829 1439 869 1485 ex
892 1425 985 1505 parte
1008 1421 1050 1486 sit
1071 1420 1116 1485 ilii

222 1557 390 1621 Terminus
414 1557 446 1620 in
469 1559 592 1636 centra,
620 1555 688 1619 sive
713 1573 755 1617 ex
777 1557 912 1635 utraque
937 1552 1119 1636 peripsum

222 1682 379 1749 Transeat
402 1688 435 1749 et
458 1680 614 1765 quaedam
637 1682 706 1745 sine
729 1679 857 1746 cardine
880 1679 1035 1744 dimetrus
1059 1679 1189 1747 exsteir

221 1809 320 1875 Adde:
345 1810 434 1876 velut
456 1811 608 1894 spacium,
632 1810 792 1893 geminum
820 1809 1048 1874 intererescere
1070 1804 1193 1871 fluxum

223 1941 327 2008 Tanto
350 1941 420 2026 plus
442 1945 578 2015 constat,
602 1945 722 2024 quanto
746 1939 868 2024 majore
892 1957 1018 2002 recessu

223 2073 252 2137 Α
277 2072 378 2137 medio
403 2073 539 2157 capitum
564 2073 648 2156 quod
671 2076 698 2138 si
721 2076 790 2139 sine
814 2073 876 2138 fine
900 2075 1027 2151 recedit,

223 2205 323 2268 Linea
346 2211 422 2269 tunc
445 2202 534 2266 nulla
556 2207 605 2267 est
627 2222 709 2285 quae
733 2203 818 2280 illuc,
842 2199 896 2265 ubi
919 2204 1003 2267 linea
1027 2205 1112 2270 sistit

225 2330 348 2411 Altera,
373 2330 556 2394 discurrens
581 2329 689 2396 valeat
712 2331 894 2412 pertingere
918 2328 1055 2394 tandem:

226 2465 278 2530 Sic
301 2462 349 2548 (1)
371 2461 563 2547 pertransiri
588 2460 731 2543 spacium
755 2459 822 2521 sine
846 2456 906 2521 tine
931 2457 1111 2542 negandum
1134 2464 1191 2526 est.

226 2595 330 2657 Porro
355 2592 423 2674 quis
447 2610 545 2673 usque
569 2589 647 2653 adeo
671 2587 731 2655 fuit
754 2608 894 2670 unquam
917 2588 1044 2665 stultus,
1069 2590 1202 2655 utillud

227 2726 381 2790 immense
404 2744 582 2808 expansum
605 2722 732 2807 quando
757 2722 907 2804 fateatur,
933 2723 1077 2806 idemque

227 2856 354 2921 Dixerit
377 2856 553 2933 inversum,
577 2860 634 2919 aut
657 2859 803 2920 centrum
828 2855 1021 2920 confinxerit
1045 2857 1114 2922 iiiii

228 2988 427 3055 Parmenidis
452 3008 574 3063 sensus
601 2987 821 3071 XenophaniS,
845 2991 940 3070 atquc
964 2989 1083 3053 Melissi

229 3127 334 3192 Unum
357 3125 555 3208 principium,
580 3142 678 3186 unum
703 3141 758 3185 ens
782 3122 850 3186 sine
875 3120 936 3185 fine
961 3129 1137 3206 repertum,

230 3257 397 3321 immotum
422 3254 532 3319 dicunt
555 3272 664 3317 ornnes
690 3255 813 3316 ratione
838 3254 950 3325 coacti,

230 3384 266 3448 In
290 3384 380 3469 cujus
404 3385 511 3467 spacio
536 3381 644 3445 mundi
668 3381 887 3464 innumerique
912 3386 1093 3447 moventur.

230 3514 334 3598 Perge
358 3532 435 3596 ergo
461 3513 491 3574 in
516 3518 652 3578 mentem
678 3531 809 3576 revoces
833 3513 961 3594 quinam
986 3515 1036 3579 ille
1061 3516 1233 3601 sophorum

230 3644 395 3708 Provocat
418 3640 477 3705 has
501 3640 549 3726 (2)
574 3639 657 3704 liteis
678 3641 768 3723 ¹queis
791 3647 941 3706 strenuus
965 3663 1064 3727 usque
1089 3643 1291 3729 triumphas?

232 3773 283 3837 An
307 3790 370 3836 non
394 3771 581 3836 commentis
605 3770 742 3835 haerens
765 3773 925 3856 propriis,
949 3776 1059 3858 procul
1084 3776 1222 3841 horrens

231 3904 260 3968 A
283 3906 387 3967 mente
410 3900 537 3964 illorum
560 3900 781 3985 praeconcipis
808 3901 912 3985 imque
935 3902 1115 3989 probatum,
1141 3905 1189 3993 (3)

217 4133 246 4189 (1)
258 4133 272 4175 il
283 4139 341 4175 testo
352 4133 393 4175 hu:
405 4137 425 4176 si
435 4134 513 4177 invoco
522 4133 543 4176 di
553 4136 594 4177 cie.
607 4138 705 4178 dvverto
714 4134 755 4177 eno
763 4141 823 4178 tutta
834 4135 856 4178 la
866 4135 1041 4191 punregg‘mtura
1051 4135 1072 4179 di
1082 4143 1158 4193 questo
1172 4137 1270 4194 periodo,
1281 4137 1312 4182 da

188 4226 248 4269 adde
258 4224 301 4267 duo
312 4238 326 4268 a
337 4228 471 4279 repandum
482 4233 522 4280 esr,
532 4227 545 4270 1·
552 4228 580 4271 ho
590 4228 693 4272 massaio
703 4240 708 4271 :
718 4226 757 4272 uei
765 4234 823 4272 tecto
833 4229 868 4271 c'e
877 4226 892 4271 ii
902 4226 949 4272 colo
957 4235 1025 4285 punto
1032 4240 1044 4272 c
1052 4228 1140 4285 virgata
1146 4226 1203 4286 dopo
1212 4230 1315 4287 capitur.

217 4321 458 4378 &mmmmm

218 4421 249 4479 (3)
262 4424 342 4478 Imque
350 4425 477 4478 protorum
488 4423 511 4468 in
519 4426 586 4481 luogo
597 4423 619 4468 di
628 4432 650 4468 er
659 4426 825 4481 improbarum.
