3442 5108
655 322 834 382 -301..

235 519 418 591 Credamus,
444 516 623 599 miseroque
646 513 728 599 pole,
752 509 992 597 praestantibus
1015 507 1086 572 illis.

230 651 299 715 Nec
322 665 430 712 casum
456 651 579 712 metuas
604 644 677 725 illis,
700 648 734 709 et
761 645 793 706 in
818 643 882 706 ima
906 642 1041 717 ruinam,

229 781 332 856 Quam
350 779 423 865 jure
447 779 467 841 ii
492 778 635 850 timeant,
661 794 700 838 ne
725 794 783 838 nos
805 773 837 836 iu
861 791 1006 836 concava
1029 773 1120 847 coeli,

230 916 362 983 Illorum
388 913 519 1000 pedibus
542 932 624 996 quae
651 913 725 974 sunt
748 907 903 995 subjecta,
928 927 1081 983 ruamus;

228 1045 373 1129 Undique
398 1043 521 1108 telluris
546 1040 642 1105 facies
666 1041 741 1124 quia
765 1039 892 1123 respicit
917 1038 1017 1102 altum

232 1178 303 1252 Qua
326 1173 407 1240 radii
430 1193 449 1236 a
473 1174 585 1237 centro
609 1175 786 1235 extremam
811 1169 973 1235 ducuntur
995 1169 1035 1234 ad
1059 1189 1160 1234 oram.
1185 1170 1233 1256 (l)

228 1307 302 1372 Non
327 1303 429 1387 magis
454 1322 473 1365 a
496 1299 573 1364 luua
596 1299 747 1373 recident,
771 1297 971 1384 plantaeque,
995 1297 1209 1382 hominesque,

230 1428 347 1494 Saxosi
370 1429 495 1490 montes
520 1421 733 1509 penetrabunt
756 1442 833 1486 aera
857 1423 977 1487 circum

227 1559 277 1624 ad
302 1577 360 1622 nos
384 1576 483 1639 usque
508 1554 620 1639 magis,
645 1572 739 1636 quam
764 1551 895 1628 Pindus,
920 1552 1087 1637 Olympus,
1113 1557 1145 1618 et
1168 1551 1284 1617 Athlas

227 1688 399 1772 Praecipiti
425 1685 475 1771 (2)
501 1691 645 1752 metuant
669 1705 763 1750 eursu
788 1686 858 1752 loca
882 1686 966 1752 celsa
989 1688 1106 1753 subire.

223 1933 331 1993 Melius
345 1934 395 1992 diu
410 1935 618 2010 multotiesque
632 1933 784 1994 definitum
799 1936 897 2008 661,111
913 1935 1026 1995 influito
1040 1936 1168 1995 medium
1183 1955 1246 1996 esse
1272 1957 1306 1997 u-

183 2058 279 2132 bique,
288 2074 337 2115 seu
355 2055 444 2114 tinem
458 2074 523 2114 eum
539 2055 682 2132 principio
693 2056 867 2130 coincidens,
882 2061 912 2116 et
926 2062 1058 2117 centrum
1068 2059 1177 2134 absque
1188 2059 1309 2118 circum-

184 2173 327 2233 terentiae
344 2174 473 2233 extimae
488 2173 640 2249 positione,
656 2191 742 2250 quam
758 2174 788 2234 iu
802 2176 865 2253 ipse
879 2178 983 2236 saltem
997 2178 1096 2255 spacio
1111 2197 1240 2255 nequeas
1254 2196 1308 2256 ap·

183 2290 371 2369 prehendere.
393 2291 533 2350 Pluribus
547 2291 802 2352 manifestavimus
818 2295 944 2354 medium
959 2297 1133 2374 simpliciter
1157 2297 1185 2356 in
1208 2297 1310 2356 ordine

182 2425 338 2497 corporum
359 2408 538 2468 naturalium
553 2427 617 2467 esse
641 2410 752 2468 nullum
766 2457 773 2483 ‚
788 2418 818 2470 et
833 2430 885 2489 per
900 2413 1023 2473 ulterius
1037 2433 1090 2474 suo
1104 2415 1169 2474 loeo
1184 2415 1311 2475 dicenda

182 2530 233 2590 fiet
247 2529 437 2590 manifestius.
463 2529 502 2589 Et
516 2529 587 2588 erdo
602 2529 652 2588 1116
667 2530 845 2589 naturalium
860 2551 1024 2610 corporum,
1039 2553 1090 2594 seu
1102 2535 1308 2613 sphaerarum,

184 2674 276 2733 neque
291 2657 399 2730 sensui,
415 2676 509 2734 neque
524 2659 640 2731 rationi,
655 2678 749 2735 neque
764 2664 896 2735 naturae,
911 2662 970 2721 ullo
984 2680 1146 2738 congruere
1158 2662 1242 2721 modo
1254 2680 1307 2739 po-

183 2785 250 2840 test.
262 2781 324 2840 Nee
341 2800 396 2840 uon
418 2782 486 2840 illae
501 2781 677 2860 (3161111111
698 2790 787 2858 atque
809 2783 956 2856 deorsum,
968 2783 1066 2843 dextri
1081 2787 1170 2859 atque
1185 2781 1309 2850 sinistri,

183 2908 324 2978 tanquam
350 2921 388 2960 611
410 2906 516 2961 natura
536 2919 653 2978 rerum,
674 2903 866 2978 differentiae,
888 2924 974 2982 quam
996 2907 1105 2965 insulse
1126 2912 1214 2980 atque
1236 2922 1309 2982 pue-

183 3019 278 3079 riliter
307 3019 411 3095 (velut
431 3037 469 3080 ex
491 3019 685 3098 pythagorico
706 3022 869 3099 dogmate)
890 3023 1090 3096 deducantur,
1112 3023 1198 3083 dietis
1220 3026 1308 3098 atque

183 3143 313 3205 dicendis
339 3142 590 3203 sufficientissime
612 3134 873 3203 commonstratum
895 3143 1056 3204 habebitur.

215 3349 247 3403 (l)
259 3349 300 3391 Nel
310 3356 367 3392 teste
379 3347 393 3390 11
402 3355 469 3402 punto
480 3358 567 3390 innuen.

212 3444 243 3495 (1)
259 3444 340 3486 1116616
350 3442 389 3486 ba:
402 3443 510 3497 precipui.

214 3536 243 3588 m
256 3535 271 3578 11
282 3542 340 3580 teste
349 3535 386 3580 hu:
398 3538 446 3579 ille.
