3442 5108
243 555 348 638 thue
373 551 468 616 simul
497 557 659 635 nequeunt
682 548 933 614 contmdictoniu
956 557 1054 622 stane,
1133 566 1136 571 ·
1186 620 1189 627 .

214 729 218 735 -
249 683 302 747 Sic
326 686 358 745 et
383 701 462 763 quoe
487 680 525 743 od
550 686 670 764 pontem
696 665 771 743 sunt
795 678 1014 760 contingentia
1038 678 1217 757 utromque,

252 811 419 893 Temporis
444 807 526 872 istud
551 806 670 870 hubent
693 826 751 889 pro
776 803 955 870 conditione
980 803 1089 868 futuri.

248 938 349 1001 Omne
373 937 489 1000 etenim
513 934 638 1017 qnando
662 943 711 998 est
734 935 896 1020 (quonium
920 931 981 1017 ost)
1006 937 1146 996 estesse
1175 948 1318 993 necesse.

247 1077 345 1161 Eligit
367 1095 444 1161 engo
470 1076 553 1138 Deus
577 1072 659 1155 quod
684 1072 765 1146 vult,
788 1071 852 1150 dat,
876 1070 1007 1150 scitque,
1033 1066 1172 1147 facitque

247 1209 318 1271 Non
343 1209 471 1274 vorione
496 1212 607 1289 potens
633 1205 733 1287 ipsum
757 1221 820 1264 uon
845 1220 940 1282 seque
964 1215 1100 1280 negare:

251 1331 343 1403 Quod
367 1331 439 1395 vult
460 1335 555 1413 atque
580 1333 684 1413 potest
707 1333 755 1390 est
779 1344 876 1387 unum
900 1341 1032 1406 prorsus
1057 1316 1212 1397 idemque,

248 1463 315 1526 Noc
339 1464 421 1547 potis
446 1467 495 1526 θεῖ
518 1460 622 1525 facere
645 1457 727 1542 quod
753 1477 815 1520 non
839 1453 910 1519 uult
933 1470 1061 1533 esseque
1086 1447 1215 1524 sactum,

248 1593 368 1677 Nempe
394 1594 493 1677 ipsum
520 1592 618 1657 sutum
643 1589 752 1655 diviua
776 1593 824 1652 est
845 1587 912 1671 ipsa
936 1583 1097 1649 voluntas,

246 1725 331 1808 lingo
356 1724 436 1787 alius
462 1744 556 1807 quam
581 1724 624 1787 sit
648 1720 747 1784 voluti
772 1738 835 1781 nou
859 1722 908 1780 θεῖ
932 1716 1014 1798 potis
1038 1733 1117 1786 csse,

247 1855 299 1915 Sic
324 1851 411 1916 uliud
437 1852 507 1916 lieni
531 1872 625 1935 quum
651 1853 773 1915 sitnon
800 1851 905 1932 posset
927 1845 966 1908 ab
990 1844 1051 1907 illo

249 1982 305 2044 Ιῗεῖ
328 1981 478 2063 siquidem
504 1990 621 2046 natum
646 1983 701 2045 llei
726 1980 905 2044 substantia
929 1976 1070 2060 simplex,

245 2112 289 2173 llo
315 2131 376 2193 qua
401 2114 602 2193 quuutuuu‘is
626 2112 811 2196 praedicent
833 2111 961 2174 nomino
984 2105 1077 2177 mille,

247 2236 345 2300 Nullo
370 2257 404 2299 ce
429 2258 485 2320 pno
511 2239 638 2322 signatu
663 2238 844 2302 discrimine
869 2236 997 2311 distant,

246 2369 401 2431 ltiuocscs
427 2370 573 2450 quumvis
599 2373 688 2434 octus
712 2370 857 2435 releuant
882 2371 1010 2443 nationi,

244 2501 406 2576 Sensibus,
430 2508 461 2564 ot
486 2503 586 2564 unciis
610 2499 776 2566 ellectilm':
796 2500 843 2582 (l)
863 2500 936 2563 dum
960 2499 1170 2584 speculamur,

246 2631 302 2694 list
327 2653 451 2714 quoquc
476 2632 513 2696 de
539 2633 662 2720 objecto
688 2638 797 2699 varius
822 2641 992 2721 conceptus
1015 2636 1142 2714 eodem,

247 2766 411 2848 ingenitur
436 2769 536 2831 vmiis
560 2771 591 2831 in
617 2774 751 2834 numtcm
777 2792 909 2855 numque
935 2771 1089 2836 fenestris.

249 2893 332 2957 Num
358 2895 457 2961 veluti
484 2898 514 2959 iu
540 2898 675 2981 splmem
701 2901 849 2985 longum,
874 2902 982 2978 lulum,
1008 2909 1102 2985 atquo
1125 2900 1319 2986 profundum

243 3024 456 3104 Com'ouiuut,
482 3032 577 3110 utque
601 3027 759 3114 objectum
777 3033 947 3115 cupiuntur
975 3043 1011 3101 ut
1034 3055 1141 3099 unum:

244 3159 315 3222 Non
340 3181 431 3224 secus
456 3162 487 3223 iu
513 3163 594 3225 mole
618 3163 688 3239 hac,
714 3185 795 3247 quae
819 3187 881 3230 non
906 3165 997 3232 linita
1020 3169 1184 3253 probatur,

243 3286 353 3350 ⁴iltum
380 3288 461 3370 quod
490 3289 576 3364 dicis,
602 3291 703 3357 dicam
728 3295 930 3363 nihilomiuus
948 3302 1054 3380 imum,

244 3413 284 3475 llt
307 3413 362 3476 tini
386 3414 469 3497 quod
495 3416 594 3482 latum
618 3425 678 3500 est,
695 3422 771 3485 mihi
784 3423 914 3509 longum
930 3435 990 3501 est,
1007 3435 1103 3513 utque
1116 3432 1318 3515 pnol'uudum.

243 3549 358 3634 llujoii
383 3549 413 3612 id
438 3555 561 3617 natione
586 3554 677 3621 decet
701 3578 813 3621 venum
836 3580 904 3624 csso
927 3565 1043 3645 putari,

243 3676 350 3739 ¹<iculi
377 3683 493 3742 nutum
518 3690 567 3745 ost
591 3703 672 3764 quuo
698 3689 798 3749 totum
825 3691 954 3769 totoque
979 3687 1094 3771 ubique
1118 3694 1184 3764 cst;

246 3806 377 3874 tluzmto
401 3805 470 3889 ejus
494 3805 630 3884 bonitas,
656 3817 748 3874 tantu
771 3814 1145 3895 estsapieutiu,vi1·tus‚

243 3939 356 4008 num,
382 3958 483 4018 numu,
509 3943 588 4016 vita,
617 3943 789 4026 imperium,
815 3943 919 4017 decus,
944 3951 1039 4026 atquo
1064 3951 1213 4028 potestas.

247 4067 351 4146 sltquo
376 4067 446 4128 ideo
472 4068 571 4131 nihilo
595 4084 643 4133 est
667 4071 777 4155 major,
803 4072 855 4135 scd
880 4075 1132 4140 cunctivaleutui·

247 4199 339 4259 tlumi
364 4218 404 4261 ex
430 4207 521 4283 punto
545 4202 603 4264 sini
628 4211 785 4282 (nunciet,
799 4206 943 4272 totaliter
965 4229 1056 4273 omno

229 4427 248 4479 ll
254 4430 261 4480 p
272 4426 348 4475 Queni
358 4428 479 4483 duellioni,
490 4442 502 4472 o
513 4430 535 4475 Lu
544 4431 630 4487 virgula
642 4443 752 4489 segnonto
763 4447 872 4481 mancano
881 4439 916 4481 nel
926 4446 990 4484 testo.
