<?xml version="1.0" encoding="UTF-8"?>
<!DOCTYPE html PUBLIC "-//W3C//DTD XHTML 1.0 Transitional//EN"
    "http://www.w3.org/TR/xhtml1/DTD/xhtml1-transitional.dtd">
<html xmlns="http://www.w3.org/1999/xhtml" xml:lang="en" lang="en">
 <head>
  <title>
</title>
<meta http-equiv="Content-Type" content="text/html;charset=utf-8" />
  <meta name='ocr-system' content='tesseract 3.04.00' />
  <meta name='ocr-capabilities' content='ocr_page ocr_carea ocr_par ocr_line ocrx_word'/>
</head>
<body>
  <div class='ocr_page' id='page_1' title='image "./jordanibruninol04brungoog_0267.png"; bbox 0 0 3442 5108; ppageno 0'>
   <div class='ocr_carea' id='block_1_1' title="bbox 766 310 943 371">
    <p class='ocr_par' dir='ltr' id='par_1_1' title="bbox 766 310 943 371">
     <span class='ocr_line' id='line_1_1' title="bbox 766 310 943 371; baseline 0.011 -2"><span class='ocrx_word' id='word_1_1' title='bbox 766 310 943 371; x_wconf 85' lang='lat'>-220-</span> 
     </span>
    </p>
   </div>
   <div class='ocr_carea' id='block_1_2' title="bbox 335 497 1314 586">
    <p class='ocr_par' dir='ltr' id='par_1_2' title="bbox 335 497 1314 586">
     <span class='ocr_line' id='line_1_2' title="bbox 335 497 1314 586; baseline -0.007 -20"><span class='ocrx_word' id='word_1_2' title='bbox 335 501 451 567; x_wconf 90' lang='lat' dir='ltr'>Fissile</span> <span class='ocrx_word' id='word_1_3' title='bbox 478 502 562 586; x_wconf 93' lang='lat' dir='ltr'>quod</span> <span class='ocrx_word' id='word_1_4' title='bbox 585 501 725 578; x_wconf 91' lang='lat' dir='ltr'>nonsit,</span> <span class='ocrx_word' id='word_1_5' title='bbox 751 519 815 564; x_wconf 93' lang='lat' dir='ltr'>non</span> <span class='ocrx_word' id='word_1_6' title='bbox 838 497 939 578; x_wconf 91' lang='lat' dir='ltr'>cedat,</span> <span class='ocrx_word' id='word_1_7' title='bbox 957 498 1004 586; x_wconf 87' lang='lat' dir='ltr'>(l)</span> <span class='ocrx_word' id='word_1_8' title='bbox 1028 518 1092 564; x_wconf 91' lang='lat' dir='ltr'>non</span> <span class='ocrx_word' id='word_1_9' title='bbox 1116 500 1314 584; x_wconf 81' lang='lat' dir='ltr'>penetretur.</span> 
     </span>
    </p>
   </div>
   <div class='ocr_carea' id='block_1_3' title="bbox 336 627 1293 970">
    <p class='ocr_par' dir='ltr' id='par_1_3' title="bbox 336 627 1293 970">
     <span class='ocr_line' id='line_1_3' title="bbox 336 627 1293 715; baseline -0.003 -20"><span class='ocrx_word' id='word_1_10' title='bbox 336 630 383 695; x_wconf 90' lang='lat' dir='ltr'>At</span> <span class='ocrx_word' id='word_1_11' title='bbox 408 649 506 715; x_wconf 89' lang='lat' dir='ltr'>supra</span> <span class='ocrx_word' id='word_1_12' title='bbox 528 631 653 695; x_wconf 90' lang='lat' dir='ltr'>Lunam</span> <span class='ocrx_word' id='word_1_13' title='bbox 676 628 847 714; x_wconf 89' lang='lat' dir='ltr'>peregrina</span> <span class='ocrx_word' id='word_1_14' title='bbox 870 627 952 694; x_wconf 91' lang='lat' dir='ltr'>haec</span> <span class='ocrx_word' id='word_1_15' title='bbox 973 646 1110 714; x_wconf 89' lang='lat' dir='ltr'>corpora</span> <span class='ocrx_word' id='word_1_16' title='bbox 1133 629 1293 706; x_wconf 81' lang='lat' dir='ltr'>constant,</span> 
     </span>
     <span class='ocr_line' id='line_1_4' title="bbox 341 755 1167 841; baseline -0.004 -20"><span class='ocrx_word' id='word_1_17' title='bbox 341 757 382 821; x_wconf 86' lang='lat' dir='ltr'>Et</span> <span class='ocrx_word' id='word_1_18' title='bbox 407 755 500 821; x_wconf 92' lang='lat' dir='ltr'>modo</span> <span class='ocrx_word' id='word_1_19' title='bbox 525 756 661 821; x_wconf 83' lang='lat' dir='ltr'>Telluris</span> <span class='ocrx_word' id='word_1_20' title='bbox 685 776 799 823; x_wconf 88' lang='lat' dir='ltr'>versus</span> <span class='ocrx_word' id='word_1_21' title='bbox 823 757 1029 841; x_wconf 79' lang='lat' dir='ltr'>properantia</span> <span class='ocrx_word' id='word_1_22' title='bbox 1049 758 1167 840; x_wconf 89' lang='lat' dir='ltr'>partes,</span> 
     </span>
     <span class='ocr_line' id='line_1_5' title="bbox 338 883 1189 970; baseline -0.007 -18"><span class='ocrx_word' id='word_1_23' title='bbox 338 885 436 952; x_wconf 92' lang='lat' dir='ltr'>Nunc</span> <span class='ocrx_word' id='word_1_24' title='bbox 459 885 506 949; x_wconf 92' lang='lat' dir='ltr'>illi</span> <span class='ocrx_word' id='word_1_25' title='bbox 529 886 632 969; x_wconf 90' lang='lat' dir='ltr'>magis</span> <span class='ocrx_word' id='word_1_26' title='bbox 656 890 752 968; x_wconf 91' lang='lat' dir='ltr'>atque</span> <span class='ocrx_word' id='word_1_27' title='bbox 775 886 877 970; x_wconf 90' lang='lat' dir='ltr'>magis</span> <span class='ocrx_word' id='word_1_28' title='bbox 902 883 1030 967; x_wconf 89' lang='lat' dir='ltr'>fierique</span> <span class='ocrx_word' id='word_1_29' title='bbox 1056 887 1189 947; x_wconf 88' lang='lat' dir='ltr'>remota.</span> 
     </span>
    </p>
   </div>
   <div class='ocr_carea' id='block_1_4' title="bbox 338 1012 1283 1223">
    <p class='ocr_par' dir='ltr' id='par_1_4' title="bbox 338 1012 1283 1223">
     <span class='ocr_line' id='line_1_6' title="bbox 338 1012 1075 1099; baseline -0.001 -21"><span class='ocrx_word' id='word_1_30' title='bbox 338 1014 428 1098; x_wconf 86' lang='lat' dir='ltr'>Ergo</span> <span class='ocrx_word' id='word_1_31' title='bbox 452 1017 639 1099; x_wconf 89' lang='lat' dir='ltr'>penetratur</span> <span class='ocrx_word' id='word_1_32' title='bbox 660 1014 802 1098; x_wconf 85' lang='lat' dir='ltr'>spacium</span> <span class='ocrx_word' id='word_1_33' title='bbox 826 1033 866 1077; x_wconf 90' lang='lat' dir='ltr'>ne</span> <span class='ocrx_word' id='word_1_34' title='bbox 890 1012 947 1079; x_wconf 90' lang='lat' dir='ltr'>liat</span> <span class='ocrx_word' id='word_1_35' title='bbox 970 1016 1075 1089; x_wconf 87' lang='lat' dir='ltr'>inane,</span> 
     </span>
     <span class='ocr_line' id='line_1_7' title="bbox 339 1134 1283 1223; baseline -0.005 -20"><span class='ocrx_word' id='word_1_36' title='bbox 339 1140 408 1204; x_wconf 90' lang='lat' dir='ltr'>Nec</span> <span class='ocrx_word' id='word_1_37' title='bbox 430 1138 556 1223; x_wconf 89' lang='lat' dir='ltr'>plenum</span> <span class='ocrx_word' id='word_1_38' title='bbox 580 1157 738 1222; x_wconf 88' lang='lat' dir='ltr'>prorsum,</span> <span class='ocrx_word' id='word_1_39' title='bbox 762 1142 900 1203; x_wconf 85' lang='lat' dir='ltr'>atvero</span> <span class='ocrx_word' id='word_1_40' title='bbox 924 1136 1105 1202; x_wconf 89' lang='lat' dir='ltr'>substantia</span> <span class='ocrx_word' id='word_1_41' title='bbox 1130 1134 1283 1220; x_wconf 89' lang='lat' dir='ltr'>quaedam</span> 
     </span>
    </p>
   </div>
   <div class='ocr_carea' id='block_1_5' title="bbox 339 1264 1268 1607">
    <p class='ocr_par' dir='ltr' id='par_1_5' title="bbox 339 1264 1268 1607">
     <span class='ocr_line' id='line_1_8' title="bbox 341 1264 1268 1351; baseline -0.005 -20"><span class='ocrx_word' id='word_1_42' title='bbox 341 1267 432 1341; x_wconf 85' lang='lat' dir='ltr'>Quae</span> <span class='ocrx_word' id='word_1_43' title='bbox 455 1266 598 1351; x_wconf 86' lang='lat' dir='ltr'>spacium</span> <span class='ocrx_word' id='word_1_44' title='bbox 621 1266 723 1350; x_wconf 86' lang='lat' dir='ltr'>primo</span> <span class='ocrx_word' id='word_1_45' title='bbox 747 1265 878 1350; x_wconf 91' lang='lat' dir='ltr'>repleat,</span> <span class='ocrx_word' id='word_1_46' title='bbox 905 1284 988 1348; x_wconf 89' lang='lat' dir='ltr'>quae</span> <span class='ocrx_word' id='word_1_47' title='bbox 1011 1265 1122 1349; x_wconf 89' lang='lat' dir='ltr'>pervia</span> <span class='ocrx_word' id='word_1_48' title='bbox 1145 1264 1268 1328; x_wconf 89' lang='lat' dir='ltr'>cunctis</span> 
     </span>
     <span class='ocr_line' id='line_1_9' title="bbox 342 1390 1155 1478; baseline -0.005 -20"><span class='ocrx_word' id='word_1_49' title='bbox 342 1393 538 1478; x_wconf 88' lang='lat' dir='ltr'>Corporibus</span> <span class='ocrx_word' id='word_1_50' title='bbox 562 1392 630 1471; x_wconf 90' lang='lat' dir='ltr'>fiat,</span> <span class='ocrx_word' id='word_1_51' title='bbox 653 1397 788 1477; x_wconf 87' lang='lat' dir='ltr'>possunt</span> <span class='ocrx_word' id='word_1_52' title='bbox 810 1391 863 1456; x_wconf 94' lang='lat' dir='ltr'>ubi</span> <span class='ocrx_word' id='word_1_53' title='bbox 886 1410 1024 1477; x_wconf 90' lang='lat' dir='ltr'>corpora</span> <span class='ocrx_word' id='word_1_54' title='bbox 1046 1390 1155 1455; x_wconf 91' lang='lat' dir='ltr'>mundi</span> 
     </span>
     <span class='ocr_line' id='line_1_10' title="bbox 339 1518 1167 1607; baseline -0.007 -21"><span class='ocrx_word' id='word_1_55' title='bbox 339 1519 480 1607; x_wconf 84' lang='lat' dir='ltr'>Legibus</span> <span class='ocrx_word' id='word_1_56' title='bbox 503 1522 644 1585; x_wconf 89' lang='lat' dir='ltr'>aeternis</span> <span class='ocrx_word' id='word_1_57' title='bbox 667 1525 774 1586; x_wconf 89' lang='lat' dir='ltr'>motus</span> <span class='ocrx_word' id='word_1_58' title='bbox 797 1519 901 1603; x_wconf 87' lang='lat' dir='ltr'>subigi</span> <span class='ocrx_word' id='word_1_59' title='bbox 923 1525 1020 1602; x_wconf 87' lang='lat' dir='ltr'>atquc</span> <span class='ocrx_word' id='word_1_60' title='bbox 1043 1518 1167 1602; x_wconf 88' lang='lat' dir='ltr'>quietis.</span> 
     </span>
    </p>
   </div>
   <div class='ocr_carea' id='block_1_6' title="bbox 293 1768 1425 3798">
    <p class='ocr_par' dir='ltr' id='par_1_6' title="bbox 293 1768 1419 2806">
     <span class='ocr_line' id='line_1_11' title="bbox 332 1768 1417 1848; baseline -0.006 -16"><span class='ocrx_word' id='word_1_61' title='bbox 332 1773 400 1832; x_wconf 93' lang='lat' dir='ltr'>Non</span> <span class='ocrx_word' id='word_1_62' title='bbox 415 1771 578 1832; x_wconf 83' lang='lat' dir='ltr'>remanebit</span> <span class='ocrx_word' id='word_1_63' title='bbox 592 1773 672 1831; x_wconf 87' lang='lat' dir='ltr'>locus</span> <span class='ocrx_word' id='word_1_64' title='bbox 686 1771 828 1848; x_wconf 84' lang='lat' dir='ltr'>gravitati</span> <span class='ocrx_word' id='word_1_65' title='bbox 842 1775 872 1831; x_wconf 87' lang='lat' dir='ltr'>et</span> <span class='ocrx_word' id='word_1_66' title='bbox 884 1771 1008 1844; x_wconf 82' lang='lat' dir='ltr'>levitati,</span> <span class='ocrx_word' id='word_1_67' title='bbox 1026 1789 1084 1847; x_wconf 89' lang='lat' dir='ltr'>qua</span> <span class='ocrx_word' id='word_1_68' title='bbox 1098 1770 1193 1829; x_wconf 90' lang='lat' dir='ltr'>minus</span> <span class='ocrx_word' id='word_1_69' title='bbox 1207 1768 1309 1827; x_wconf 89' lang='lat' dir='ltr'>Tellus</span> <span class='ocrx_word' id='word_1_70' title='bbox 1324 1770 1354 1827; x_wconf 92' lang='lat' dir='ltr'>et</span> <span class='ocrx_word' id='word_1_71' title='bbox 1368 1784 1417 1825; x_wconf 87' lang='lat' dir='ltr'>rc-</span> 
     </span>
     <span class='ocr_line' id='line_1_12' title="bbox 293 1889 1416 1977; baseline -0.01 -18"><span class='ocrx_word' id='word_1_72' title='bbox 293 1901 365 1977; x_wconf 89' lang='lat' dir='ltr'>liqui</span> <span class='ocrx_word' id='word_1_73' title='bbox 387 1898 488 1958; x_wconf 90' lang='lat' dir='ltr'>mundi</span> <span class='ocrx_word' id='word_1_74' title='bbox 500 1899 528 1956; x_wconf 93' lang='lat' dir='ltr'>in</span> <span class='ocrx_word' id='word_1_75' title='bbox 544 1899 681 1957; x_wconf 90' lang='lat' dir='ltr'>aethereo</span> <span class='ocrx_word' id='word_1_76' title='bbox 696 1897 794 1973; x_wconf 88' lang='lat' dir='ltr'>spacio</span> <span class='ocrx_word' id='word_1_77' title='bbox 806 1897 967 1955; x_wconf 85' lang='lat' dir='ltr'>consistere</span> <span class='ocrx_word' id='word_1_78' title='bbox 981 1895 1103 1972; x_wconf 92' lang='lat' dir='ltr'>possint,</span> <span class='ocrx_word' id='word_1_79' title='bbox 1117 1912 1150 1952; x_wconf 89' lang='lat' dir='ltr'>ao</span> <span class='ocrx_word' id='word_1_80' title='bbox 1165 1893 1202 1950; x_wconf 91' lang='lat' dir='ltr'>ad</span> <span class='ocrx_word' id='word_1_81' title='bbox 1217 1909 1307 1950; x_wconf 89' lang='lat' dir='ltr'>unam</span> <span class='ocrx_word' id='word_1_82' title='bbox 1320 1889 1416 1965; x_wconf 85' lang='lat' dir='ltr'>magis</span> 
     </span>
     <span class='ocr_line' id='line_1_13' title="bbox 294 2008 1418 2096; baseline -0.01 -19"><span class='ocrx_word' id='word_1_83' title='bbox 294 2019 447 2096; x_wconf 88' lang='lat' dir='ltr'>regionem</span> <span class='ocrx_word' id='word_1_84' title='bbox 464 2015 1077 2092; x_wconf 74' lang='lat' dir='ltr'>serantur,ruitentpraecipitentur,quam</span> <span class='ocrx_word' id='word_1_85' title='bbox 1093 2012 1129 2070; x_wconf 90' lang='lat' dir='ltr'>ad</span> <span class='ocrx_word' id='word_1_86' title='bbox 1145 2008 1310 2068; x_wconf 85' lang='lat' dir='ltr'>aliamSed</span> <span class='ocrx_word' id='word_1_87' title='bbox 1325 2025 1418 2066; x_wconf 91' lang='lat' dir='ltr'>causa</span> 
     </span>
     <span class='ocr_line' id='line_1_14' title="bbox 296 2129 1419 2212; baseline -0.009 -16"><span class='ocrx_word' id='word_1_88' title='bbox 296 2140 394 2196; x_wconf 90' lang='lat' dir='ltr'>motus</span> <span class='ocrx_word' id='word_1_89' title='bbox 410 2141 440 2195; x_wconf 90' lang='lat' dir='ltr'>et</span> <span class='ocrx_word' id='word_1_90' title='bbox 454 2135 559 2212; x_wconf 90' lang='lat' dir='ltr'>quietis</span> <span class='ocrx_word' id='word_1_91' title='bbox 573 2154 630 2194; x_wconf 93' lang='lat' dir='ltr'>non</span> <span class='ocrx_word' id='word_1_92' title='bbox 644 2135 726 2194; x_wconf 92' lang='lat' dir='ltr'>erita</span> <span class='ocrx_word' id='word_1_93' title='bbox 741 2135 804 2193; x_wconf 92' lang='lat' dir='ltr'>loco</span> <span class='ocrx_word' id='word_1_94' title='bbox 815 2139 845 2193; x_wconf 91' lang='lat' dir='ltr'>et</span> <span class='ocrx_word' id='word_1_95' title='bbox 856 2132 1052 2210; x_wconf 87' lang='lat' dir='ltr'>spaci0,cujus</span> <span class='ocrx_word' id='word_1_96' title='bbox 1067 2136 1112 2190; x_wconf 87' lang='lat' dir='ltr'>est</span> <span class='ocrx_word' id='word_1_97' title='bbox 1125 2134 1240 2190; x_wconf 89' lang='lat' dir='ltr'>tantum</span> <span class='ocrx_word' id='word_1_98' title='bbox 1252 2129 1419 2202; x_wconf 88' lang='lat' dir='ltr'>continere,</span> 
     </span>
     <span class='ocr_line' id='line_1_15' title="bbox 295 2253 1414 2335; baseline -0.006 -18"><span class='ocrx_word' id='word_1_99' title='bbox 295 2276 410 2335; x_wconf 83' lang='lat' dir='ltr'>capere,</span> <span class='ocrx_word' id='word_1_100' title='bbox 425 2257 475 2317; x_wconf 91' lang='lat' dir='ltr'>sed</span> <span class='ocrx_word' id='word_1_101' title='bbox 490 2258 527 2316; x_wconf 90' lang='lat' dir='ltr'>ab</span> <span class='ocrx_word' id='word_1_102' title='bbox 541 2256 616 2329; x_wconf 89' lang='lat' dir='ltr'>aliis,</span> <span class='ocrx_word' id='word_1_103' title='bbox 630 2274 703 2332; x_wconf 85' lang='lat' dir='ltr'>quas</span> <span class='ocrx_word' id='word_1_104' title='bbox 717 2257 933 2333; x_wconf 86' lang='lat' dir='ltr'>compositionis</span> <span class='ocrx_word' id='word_1_105' title='bbox 948 2274 1049 2315; x_wconf 90' lang='lat' dir='ltr'>eorum</span> <span class='ocrx_word' id='word_1_106' title='bbox 1070 2259 1175 2314; x_wconf 87' lang='lat' dir='ltr'>natura</span> <span class='ocrx_word' id='word_1_107' title='bbox 1196 2255 1298 2324; x_wconf 81' lang='lat' dir='ltr'>dictat,</span> <span class='ocrx_word' id='word_1_108' title='bbox 1319 2253 1414 2312; x_wconf 89' lang='lat' dir='ltr'>ratio-</span> 
     </span>
     <span class='ocr_line' id='line_1_16' title="bbox 295 2374 1416 2455; baseline -0.01 -14"><span class='ocrx_word' id='word_1_109' title='bbox 295 2381 392 2441; x_wconf 89' lang='lat' dir='ltr'>nibus.</span> <span class='ocrx_word' id='word_1_110' title='bbox 407 2379 488 2444; x_wconf 89' lang='lat' dir='ltr'>Quae</span> <span class='ocrx_word' id='word_1_111' title='bbox 501 2379 590 2437; x_wconf 88' lang='lat' dir='ltr'>etiam</span> <span class='ocrx_word' id='word_1_112' title='bbox 606 2397 663 2437; x_wconf 95' lang='lat' dir='ltr'>non</span> <span class='ocrx_word' id='word_1_113' title='bbox 678 2379 855 2455; x_wconf 87' lang='lat' dir='ltr'>permittunt</span> <span class='ocrx_word' id='word_1_114' title='bbox 869 2379 1043 2437; x_wconf 91' lang='lat' dir='ltr'>mundorum</span> <span class='ocrx_word' id='word_1_115' title='bbox 1060 2392 1182 2452; x_wconf 90' lang='lat' dir='ltr'>corpora</span> <span class='ocrx_word' id='word_1_116' title='bbox 1197 2374 1307 2433; x_wconf 91' lang='lat' dir='ltr'>incerto</span> <span class='ocrx_word' id='word_1_117' title='bbox 1329 2389 1416 2432; x_wconf 86' lang='lat' dir='ltr'>cursu</span> 
     </span>
     <span class='ocr_line' id='line_1_17' title="bbox 295 2492 1418 2577; baseline -0.01 -16"><span class='ocrx_word' id='word_1_118' title='bbox 295 2519 479 2577; x_wconf 86' lang='lat' dir='ltr'>quocunqne,</span> <span class='ocrx_word' id='word_1_119' title='bbox 501 2501 566 2559; x_wconf 93' lang='lat' dir='ltr'>ideo</span> <span class='ocrx_word' id='word_1_120' title='bbox 581 2499 643 2559; x_wconf 90' lang='lat' dir='ltr'>sine</span> <span class='ocrx_word' id='word_1_121' title='bbox 663 2501 729 2576; x_wconf 86' lang='lat' dir='ltr'>lege.</span> <span class='ocrx_word' id='word_1_122' title='bbox 743 2499 823 2572; x_wconf 84' lang='lat' dir='ltr'>ferri,</span> <span class='ocrx_word' id='word_1_123' title='bbox 845 2499 981 2576; x_wconf 87' lang='lat' dir='ltr'>quoniam</span> <span class='ocrx_word' id='word_1_124' title='bbox 996 2513 1232 2574; x_wconf 88' lang='lat' dir='ltr'>quoquoversum</span> <span class='ocrx_word' id='word_1_125' title='bbox 1252 2492 1418 2568; x_wconf 90' lang='lat' dir='ltr'>aequaliter</span> 
     </span>
     <span class='ocr_line' id='line_1_18' title="bbox 297 2614 1417 2700; baseline -0.008 -17"><span class='ocrx_word' id='word_1_126' title='bbox 297 2624 401 2684; x_wconf 86' lang='lat' dir='ltr'>iisdem</span> <span class='ocrx_word' id='word_1_127' title='bbox 416 2623 578 2699; x_wconf 86' lang='lat' dir='ltr'>subjectum</span> <span class='ocrx_word' id='word_1_128' title='bbox 592 2624 696 2681; x_wconf 90' lang='lat' dir='ltr'>cedere</span> <span class='ocrx_word' id='word_1_129' title='bbox 710 2626 805 2699; x_wconf 88' lang='lat' dir='ltr'>potest</span> <span class='ocrx_word' id='word_1_130' title='bbox 816 2622 954 2700; x_wconf 87' lang='lat' dir='ltr'>spacium:</span> <span class='ocrx_word' id='word_1_131' title='bbox 967 2621 1048 2680; x_wconf 90' lang='lat' dir='ltr'>locus</span> <span class='ocrx_word' id='word_1_132' title='bbox 1062 2621 1167 2696; x_wconf 89' lang='lat' dir='ltr'>quippe</span> <span class='ocrx_word' id='word_1_133' title='bbox 1179 2637 1234 2676; x_wconf 93' lang='lat' dir='ltr'>non</span> <span class='ocrx_word' id='word_1_134' title='bbox 1252 2619 1297 2676; x_wconf 87' lang='lat' dir='ltr'>est</span> <span class='ocrx_word' id='word_1_135' title='bbox 1310 2614 1417 2688; x_wconf 82' lang='lat' dir='ltr'>omme,</span> 
     </span>
     <span class='ocr_line' id='line_1_19' title="bbox 297 2742 1243 2806; baseline -0.005 0"><span class='ocrx_word' id='word_1_136' title='bbox 297 2748 348 2806; x_wconf 90' lang='lat' dir='ltr'>sed</span> <span class='ocrx_word' id='word_1_137' title='bbox 365 2765 423 2805; x_wconf 90' lang='lat' dir='ltr'>nna</span> <span class='ocrx_word' id='word_1_138' title='bbox 437 2747 582 2805; x_wconf 82' lang='lat' dir='ltr'>duntaxat</span> <span class='ocrx_word' id='word_1_139' title='bbox 597 2763 634 2805; x_wconf 86' lang='lat' dir='ltr'>ex</span> <span class='ocrx_word' id='word_1_140' title='bbox 649 2746 783 2805; x_wconf 89' lang='lat' dir='ltr'>omnibus</span> <span class='ocrx_word' id='word_1_141' title='bbox 797 2746 833 2806; x_wconf 89' lang='lat' dir='ltr'>ad</span> <span class='ocrx_word' id='word_1_142' title='bbox 848 2750 959 2805; x_wconf 90' lang='lat' dir='ltr'>motum</span> <span class='ocrx_word' id='word_1_143' title='bbox 973 2762 1061 2804; x_wconf 90' lang='lat' dir='ltr'>causa</span> <span class='ocrx_word' id='word_1_144' title='bbox 1082 2742 1243 2802; x_wconf 82' lang='lat' dir='ltr'>conferens.</span> 
     </span>
    </p>

    <p class='ocr_par' dir='ltr' id='par_1_7' title="bbox 297 2870 1425 3798">
     <span class='ocr_line' id='line_1_20' title="bbox 337 2870 1415 2950; baseline 0.004 -22"><span class='ocrx_word' id='word_1_145' title='bbox 337 2870 421 2935; x_wconf 89' lang='lat' dir='ltr'>Quod</span> <span class='ocrx_word' id='word_1_146' title='bbox 443 2871 531 2930; x_wconf 89' lang='lat' dir='ltr'>etiam</span> <span class='ocrx_word' id='word_1_147' title='bbox 546 2870 625 2930; x_wconf 81' lang='lat' dir='ltr'>fixae</span> <span class='ocrx_word' id='word_1_148' title='bbox 645 2876 821 2931; x_wconf 90' lang='lat' dir='ltr'>moveantur</span> <span class='ocrx_word' id='word_1_149' title='bbox 842 2872 945 2933; x_wconf 89' lang='lat' dir='ltr'>stellae</span> <span class='ocrx_word' id='word_1_150' title='bbox 965 2871 1050 2933; x_wconf 78' lang='lat' dir='ltr'>facile</span> <span class='ocrx_word' id='word_1_151' title='bbox 1071 2874 1174 2950; x_wconf 87' lang='lat' dir='ltr'>conjici</span> <span class='ocrx_word' id='word_1_152' title='bbox 1191 2877 1297 2950; x_wconf 87' lang='lat' dir='ltr'>potest,</span> <span class='ocrx_word' id='word_1_153' title='bbox 1311 2876 1415 2932; x_wconf 87' lang='lat' dir='ltr'>notata</span> 
     </span>
     <span class='ocr_line' id='line_1_21' title="bbox 297 2988 1424 3068; baseline 0 -20"><span class='ocrx_word' id='word_1_154' title='bbox 297 2988 438 3048; x_wconf 83' lang='lat' dir='ltr'>distantia</span> <span class='ocrx_word' id='word_1_155' title='bbox 459 2989 535 3048; x_wconf 90' lang='lat' dir='ltr'>inter</span> <span class='ocrx_word' id='word_1_156' title='bbox 555 2989 627 3048; x_wconf 87' lang='lat' dir='ltr'>duas</span> <span class='ocrx_word' id='word_1_157' title='bbox 649 2990 795 3066; x_wconf 89' lang='lat' dir='ltr'>quaslibet</span> <span class='ocrx_word' id='word_1_158' title='bbox 822 2991 933 3066; x_wconf 86' lang='lat' dir='ltr'>primae</span> <span class='ocrx_word' id='word_1_159' title='bbox 960 2991 1169 3068; x_wconf 85' lang='lat' dir='ltr'>magnitudinis</span> <span class='ocrx_word' id='word_1_160' title='bbox 1199 3010 1255 3049; x_wconf 89' lang='lat' dir='ltr'>nno</span> <span class='ocrx_word' id='word_1_161' title='bbox 1278 2998 1424 3067; x_wconf 84' lang='lat' dir='ltr'>tempore,</span> 
     </span>
     <span class='ocr_line' id='line_1_22' title="bbox 297 3109 1420 3192; baseline 0.003 -22"><span class='ocrx_word' id='word_1_162' title='bbox 297 3129 373 3186; x_wconf 86' lang='lat' dir='ltr'>quae</span> <span class='ocrx_word' id='word_1_163' title='bbox 394 3110 452 3169; x_wconf 90' lang='lat' dir='ltr'>alia</span> <span class='ocrx_word' id='word_1_164' title='bbox 472 3109 555 3187; x_wconf 81' lang='lat' dir='ltr'>(licet</span> <span class='ocrx_word' id='word_1_165' title='bbox 581 3129 637 3170; x_wconf 89' lang='lat' dir='ltr'>non</span> <span class='ocrx_word' id='word_1_166' title='bbox 659 3111 751 3171; x_wconf 91' lang='lat' dir='ltr'>multo</span> <span class='ocrx_word' id='word_1_167' title='bbox 773 3116 893 3188; x_wconf 87' lang='lat' dir='ltr'>propter</span> <span class='ocrx_word' id='word_1_168' title='bbox 923 3118 1039 3189; x_wconf 86' lang='lat' dir='ltr'>apertas</span> <span class='ocrx_word' id='word_1_169' title='bbox 1066 3118 1274 3192; x_wconf 85' lang='lat' dir='ltr'>promptasque</span> <span class='ocrx_word' id='word_1_170' title='bbox 1299 3114 1420 3192; x_wconf 87' lang='lat' dir='ltr'>causas)</span> 
     </span>
     <span class='ocr_line' id='line_1_23' title="bbox 298 3230 1421 3313; baseline 0.005 -23"><span class='ocrx_word' id='word_1_171' title='bbox 298 3232 355 3290; x_wconf 87' lang='lat' dir='ltr'>alio</span> <span class='ocrx_word' id='word_1_172' title='bbox 376 3234 509 3306; x_wconf 88' lang='lat' dir='ltr'>tempore</span> <span class='ocrx_word' id='word_1_173' title='bbox 529 3230 600 3287; x_wconf 89' lang='lat' dir='ltr'>anni</span> <span class='ocrx_word' id='word_1_174' title='bbox 619 3232 729 3306; x_wconf 89' lang='lat' dir='ltr'>poterit</span> <span class='ocrx_word' id='word_1_175' title='bbox 750 3233 909 3292; x_wconf 84' lang='lat' dir='ltr'>conveniri.</span> <span class='ocrx_word' id='word_1_176' title='bbox 921 3234 960 3293; x_wconf 89' lang='lat' dir='ltr'>Et</span> <span class='ocrx_word' id='word_1_177' title='bbox 980 3233 1058 3293; x_wconf 87' lang='lat' dir='ltr'>Solis</span> <span class='ocrx_word' id='word_1_178' title='bbox 1073 3239 1185 3295; x_wconf 90' lang='lat' dir='ltr'>motum</span> <span class='ocrx_word' id='word_1_179' title='bbox 1200 3235 1351 3313; x_wconf 89' lang='lat' dir='ltr'>proprium</span> <span class='ocrx_word' id='word_1_180' title='bbox 1367 3256 1421 3296; x_wconf 92' lang='lat' dir='ltr'>no-</span> 
     </span>
     <span class='ocr_line' id='line_1_24' title="bbox 298 3354 1423 3436; baseline 0.004 -22"><span class='ocrx_word' id='word_1_181' title='bbox 298 3354 425 3414; x_wconf 87' lang='lat' dir='ltr'>cessario</span> <span class='ocrx_word' id='word_1_182' title='bbox 447 3371 513 3413; x_wconf 92' lang='lat' dir='ltr'>eum</span> <span class='ocrx_word' id='word_1_183' title='bbox 535 3355 736 3430; x_wconf 81' lang='lat' dir='ltr'>cognoscimus</span> <span class='ocrx_word' id='word_1_184' title='bbox 757 3355 907 3415; x_wconf 86' lang='lat' dir='ltr'>duodecim</span> <span class='ocrx_word' id='word_1_185' title='bbox 928 3356 1071 3416; x_wconf 89' lang='lat' dir='ltr'>mensium</span> <span class='ocrx_word' id='word_1_186' title='bbox 1092 3359 1188 3435; x_wconf 88' lang='lat' dir='ltr'>spacio</span> <span class='ocrx_word' id='word_1_187' title='bbox 1207 3359 1355 3436; x_wconf 81' lang='lat' dir='ltr'>compleri,</span> <span class='ocrx_word' id='word_1_188' title='bbox 1374 3361 1423 3435; x_wconf 89' lang='lat' dir='ltr'>qui</span> 
     </span>
     <span class='ocr_line' id='line_1_25' title="bbox 299 3472 1424 3556; baseline 0.004 -23"><span class='ocrx_word' id='word_1_189' title='bbox 299 3479 345 3533; x_wconf 91' lang='lat' dir='ltr'>est</span> <span class='ocrx_word' id='word_1_190' title='bbox 366 3474 396 3532; x_wconf 94' lang='lat' dir='ltr'>in</span> <span class='ocrx_word' id='word_1_191' title='bbox 419 3472 528 3532; x_wconf 90' lang='lat' dir='ltr'>circulo</span> <span class='ocrx_word' id='word_1_192' title='bbox 549 3474 645 3532; x_wconf 89' lang='lat' dir='ltr'>medio</span> <span class='ocrx_word' id='word_1_193' title='bbox 665 3474 743 3534; x_wconf 89' lang='lat' dir='ltr'>inter</span> <span class='ocrx_word' id='word_1_194' title='bbox 754 3476 938 3552; x_wconf 86' lang='lat' dir='ltr'>planetarum</span> <span class='ocrx_word' id='word_1_195' title='bbox 953 3475 1086 3549; x_wconf 78' lang='lat' dir='ltr'>circulos,</span> <span class='ocrx_word' id='word_1_196' title='bbox 1101 3478 1186 3556; x_wconf 83' lang='lat' dir='ltr'>cujus</span> <span class='ocrx_word' id='word_1_197' title='bbox 1197 3478 1339 3537; x_wconf 89' lang='lat' dir='ltr'>diameter</span> <span class='ocrx_word' id='word_1_198' title='bbox 1353 3478 1424 3537; x_wconf 93' lang='lat' dir='ltr'>duo-</span> 
     </span>
     <span class='ocr_line' id='line_1_26' title="bbox 299 3597 1424 3676; baseline 0.001 -19"><span class='ocrx_word' id='word_1_199' title='bbox 299 3617 365 3657; x_wconf 90' lang='lat' dir='ltr'>rum</span> <span class='ocrx_word' id='word_1_200' title='bbox 386 3597 564 3674; x_wconf 89' lang='lat' dir='ltr'>tropicorum</span> <span class='ocrx_word' id='word_1_201' title='bbox 579 3598 694 3674; x_wconf 90' lang='lat' dir='ltr'>punctis</span> <span class='ocrx_word' id='word_1_202' title='bbox 715 3598 908 3673; x_wconf 64' lang='lat' dir='ltr'>terminatum</span> <span class='ocrx_word' id='word_1_203' title='bbox 923 3598 991 3657; x_wconf 92' lang='lat' dir='ltr'>dum</span> <span class='ocrx_word' id='word_1_204' title='bbox 1013 3599 1115 3658; x_wconf 91' lang='lat' dir='ltr'>Tellus</span> <span class='ocrx_word' id='word_1_205' title='bbox 1129 3599 1246 3659; x_wconf 89' lang='lat' dir='ltr'>interim</span> <span class='ocrx_word' id='word_1_206' title='bbox 1262 3601 1424 3676; x_wconf 90' lang='lat' dir='ltr'>aequabili-</span> 
     </span>
     <span class='ocr_line' id='line_1_27' title="bbox 299 3719 1425 3798; baseline 0.003 -20"><span class='ocrx_word' id='word_1_207' title='bbox 299 3724 347 3778; x_wconf 90' lang='lat' dir='ltr'>ter</span> <span class='ocrx_word' id='word_1_208' title='bbox 368 3719 414 3798; x_wconf 80' lang='lat'>(2)</span> <span class='ocrx_word' id='word_1_209' title='bbox 435 3721 546 3795; x_wconf 91' lang='lat' dir='ltr'>absque</span> <span class='ocrx_word' id='word_1_210' title='bbox 566 3719 619 3778; x_wconf 90' lang='lat' dir='ltr'>illa</span> <span class='ocrx_word' id='word_1_211' title='bbox 638 3720 831 3796; x_wconf 85' lang='lat' dir='ltr'>copernicana</span> <span class='ocrx_word' id='word_1_212' title='bbox 850 3720 1037 3781; x_wconf 89' lang='lat' dir='ltr'>inclinatione</span> <span class='ocrx_word' id='word_1_213' title='bbox 1058 3727 1139 3782; x_wconf 92' lang='lat' dir='ltr'>motu</span> <span class='ocrx_word' id='word_1_214' title='bbox 1160 3722 1264 3782; x_wconf 91' lang='lat' dir='ltr'>diurno</span> <span class='ocrx_word' id='word_1_215' title='bbox 1282 3729 1312 3783; x_wconf 93' lang='lat' dir='ltr'>et</span> <span class='ocrx_word' id='word_1_216' title='bbox 1327 3741 1425 3781; x_wconf 91' lang='lat' dir='ltr'>annuo</span> 
     </span>
    </p>
   </div>
   <div class='ocr_carea' id='block_1_7' title="bbox 301 3841 1426 4161">
    <p class='ocr_par' dir='ltr' id='par_1_8' title="bbox 301 3841 1426 4161">
     <span class='ocr_line' id='line_1_28' title="bbox 301 3841 1425 3921; baseline 0.003 -19"><span class='ocrx_word' id='word_1_217' title='bbox 301 3846 466 3902; x_wconf 89' lang='lat' dir='ltr'>moveatur.</span> <span class='ocrx_word' id='word_1_218' title='bbox 488 3841 555 3900; x_wconf 89' lang='lat' dir='ltr'>Nou</span> <span class='ocrx_word' id='word_1_219' title='bbox 577 3846 732 3918; x_wconf 87' lang='lat' dir='ltr'>propterea</span> <span class='ocrx_word' id='word_1_220' title='bbox 752 3843 910 3903; x_wconf 85' lang='lat' dir='ltr'>desinimus</span> <span class='ocrx_word' id='word_1_221' title='bbox 930 3861 995 3902; x_wconf 92' lang='lat' dir='ltr'>cum</span> <span class='ocrx_word' id='word_1_222' title='bbox 1017 3845 1144 3921; x_wconf 90' lang='lat' dir='ltr'>antiquis</span> <span class='ocrx_word' id='word_1_223' title='bbox 1164 3843 1255 3903; x_wconf 92' lang='lat' dir='ltr'>solem</span> <span class='ocrx_word' id='word_1_224' title='bbox 1275 3845 1305 3902; x_wconf 92' lang='lat' dir='ltr'>in</span> <span class='ocrx_word' id='word_1_225' title='bbox 1328 3847 1425 3905; x_wconf 87' lang='lat' dir='ltr'>medio</span> 
     </span>
     <span class='ocr_line' id='line_1_29' title="bbox 305 3959 1425 4038; baseline 0.004 -19"><span class='ocrx_word' id='word_1_226' title='bbox 305 3965 494 4030; x_wconf 89' lang='lat' dir='ltr'>manentem,</span> <span class='ocrx_word' id='word_1_227' title='bbox 516 3965 546 4020; x_wconf 90' lang='lat' dir='ltr'>ct</span> <span class='ocrx_word' id='word_1_228' title='bbox 567 3959 642 4019; x_wconf 90' lang='lat' dir='ltr'>sicut</span> <span class='ocrx_word' id='word_1_229' title='bbox 662 3960 736 4019; x_wconf 91' lang='lat' dir='ltr'>alios</span> <span class='ocrx_word' id='word_1_230' title='bbox 757 3962 901 4038; x_wconf 90' lang='lat' dir='ltr'>Aplanem</span> <span class='ocrx_word' id='word_1_231' title='bbox 922 3961 1075 4022; x_wconf 87' lang='lat' dir='ltr'>nominare</span> <span class='ocrx_word' id='word_1_232' title='bbox 1094 3964 1209 4023; x_wconf 89' lang='lat' dir='ltr'>stellam</span> <span class='ocrx_word' id='word_1_233' title='bbox 1226 3985 1233 4036; x_wconf 92' lang='lat'>;</span> <span class='ocrx_word' id='word_1_234' title='bbox 1254 3964 1325 4024; x_wconf 87' lang='lat' dir='ltr'>satis</span> <span class='ocrx_word' id='word_1_235' title='bbox 1348 3968 1425 4024; x_wconf 88' lang='lat' dir='ltr'>enim</span> 
     </span>
     <span class='ocr_line' id='line_1_30' title="bbox 304 4079 1426 4161; baseline 0.002 -21"><span class='ocrx_word' id='word_1_236' title='bbox 304 4079 377 4140; x_wconf 83' lang='lat' dir='ltr'>iacit</span> <span class='ocrx_word' id='word_1_237' title='bbox 398 4085 431 4141; x_wconf 91' lang='lat' dir='ltr'>ut</span> <span class='ocrx_word' id='word_1_238' title='bbox 452 4079 587 4158; x_wconf 89' lang='lat' dir='ltr'>deinceps</span> <span class='ocrx_word' id='word_1_239' title='bbox 609 4097 626 4139; x_wconf 91' lang='lat' dir='ltr'>a</span> <span class='ocrx_word' id='word_1_240' title='bbox 647 4079 709 4139; x_wconf 91' lang='lat' dir='ltr'>sole</span> <span class='ocrx_word' id='word_1_241' title='bbox 729 4084 811 4140; x_wconf 89' lang='lat' dir='ltr'>tanto</span> <span class='ocrx_word' id='word_1_242' title='bbox 838 4079 973 4158; x_wconf 89' lang='lat' dir='ltr'>proprius</span> <span class='ocrx_word' id='word_1_243' title='bbox 997 4082 1099 4143; x_wconf 85' lang='lat' dir='ltr'>stellas</span> <span class='ocrx_word' id='word_1_244' title='bbox 1126 4081 1307 4161; x_wconf 88' lang='lat' dir='ltr'>appellemus</span> <span class='ocrx_word' id='word_1_245' title='bbox 1338 4084 1426 4156; x_wconf 83' lang='lat' dir='ltr'>tinas,</span> 
     </span>
    </p>
   </div>
   <div class='ocr_carea' id='block_1_8' title="bbox 332 4294 688 4439">
    <p class='ocr_par' dir='ltr' id='par_1_9' title="bbox 332 4294 688 4439">
     <span class='ocr_line' id='line_1_31' title="bbox 332 4294 618 4351; baseline 0 -15"><span class='ocrx_word' id='word_1_246' title='bbox 332 4296 364 4351; x_wconf 78' lang='lat' dir='ltr'>(l)</span> <span class='ocrx_word' id='word_1_247' title='bbox 379 4294 396 4337; x_wconf 96' lang='lat' dir='ltr'>ll</span> <span class='ocrx_word' id='word_1_248' title='bbox 405 4301 462 4337; x_wconf 79' lang='lat' dir='ltr'>testo</span> <span class='ocrx_word' id='word_1_249' title='bbox 472 4294 514 4338; x_wconf 87' lang='lat' dir='ltr'>ba:</span> <span class='ocrx_word' id='word_1_250' title='bbox 530 4295 618 4339; x_wconf 76' lang='lat' dir='ltr'>caedat.</span> 
     </span>
     <span class='ocr_line' id='line_1_32' title="bbox 334 4384 688 4439; baseline 0 -13"><span class='ocrx_word' id='word_1_251' title='bbox 334 4384 364 4438; x_wconf 71' lang='grc' dir='ltr'>(Ξ)</span> <span class='ocrx_word' id='word_1_252' title='bbox 380 4384 397 4427; x_wconf 97' lang='lat' dir='ltr'>ll</span> <span class='ocrx_word' id='word_1_253' title='bbox 413 4391 471 4429; x_wconf 82' lang='lat' dir='ltr'>testo</span> <span class='ocrx_word' id='word_1_254' title='bbox 482 4385 517 4431; x_wconf 76' lang='lat' dir='ltr'>lia:</span> <span class='ocrx_word' id='word_1_255' title='bbox 533 4385 688 4439; x_wconf 69' lang='lat' dir='ltr'>accuranter.</span> 
     </span>
    </p>
   </div>
   <div class='ocr_carea' id='block_1_9' title="bbox 0 0 1746 5108">
    <p class='ocr_par' dir='ltr' id='par_1_10' title="bbox 0 0 1746 5108">
     <span class='ocr_line' id='line_1_33' title="bbox 0 0 1746 5108; baseline 0 0"><span class='ocrx_word' id='word_1_256' title='bbox 0 0 1746 5108; x_wconf 95' lang='lat' dir='ltr'> </span> 
     </span>
    </p>
   </div>
  </div>
 </body>
</html>
