3442 5108
871 335 1036 396 -262-

438 530 522 597 Nam
551 528 640 595 velut
663 528 744 594 istae
768 530 876 605 atomi,
902 531 933 593 in
957 528 1054 594 radiis
1078 547 1156 613 quas
1181 545 1313 592 cernere
1335 523 1411 590 solis

437 658 624 731 Possumne,
640 656 727 721 haud
743 656 908 741 gravitate
924 662 1073 741 premunt
1088 655 1174 721 hunc
1190 674 1267 719 aera
1282 673 1440 737 quaquam
1451 651 1514 736 (1),

438 787 492 853 Sic
513 784 638 853 infinito
666 789 697 851 in
723 809 834 873 campo
858 791 1041 855 vastissima
1064 787 1174 853 mundi

438 918 583 1003 Corpora
610 923 687 982 sunl
711 917 854 995 nibilum,
868 938 930 1002 quo
954 923 1063 994 tantus
1086 917 1198 982 lindier
1220 937 1278 982 aer

438 1051 555 1126 Possit,
585 1055 740 1133 tanquam
764 1051 828 1114 isla
851 1049 893 1113 sit
916 1049 998 1112 mole
1022 1054 1185 1132 premente
1209 1052 1389 1132 gravatus;

439 1178 554 1242 Libera
579 1176 634 1241 sed
658 1182 818 1261 peragunt
841 1177 976 1260 qualem,
1000 1174 1141 1242 dictante
1164 1176 1302 1259 benigna

438 1309 579 1382 Natura,
604 1326 731 1371 cursum
756 1312 876 1373 norunt
899 1309 1002 1393 magis
1025 1327 1095 1372 esse
1119 1306 1292 1372 decentem.

438 1435 543 1498 Porro
572 1432 672 1497 atomi
695 1435 896 1518 exagitatum
920 1435 1005 1500 hunc
1028 1438 1111 1501 aeris
1135 1438 1372 1519 insequitantur

439 1564 568 1632 Motum
593 1567 757 1651 spirantis
776 1572 828 1655 qui
851 1590 927 1655 pars
950 1575 999 1635 est
1021 1569 1166 1652 corporis
1189 1566 1295 1652 hujus

439 1698 600 1763 Externos
628 1720 716 1776 vero,
742 1699 876 1764 mundos
900 1701 953 1783 qui
977 1698 1128 1776 continet,
1153 1714 1209 1759 aer

440 1823 513 1887 Non
543 1824 634 1889 vehit
656 1831 751 1908 atque
775 1827 879 1910 agitat
903 1843 1004 1906 neque
1027 1842 1155 1907 pressus
1178 1821 1314 1887 sustinet
1339 1819 1419 1901 ilice,

440 1955 561 2020 Verum
585 1957 634 2022 ita
657 1956 766 2022 firmat
788 1977 852 2036 eos,
876 1961 912 2021 ut
935 1960 1028 2040 parte
1052 1953 1218 2020 tranabilis
1242 1953 1327 2017 omni

438 2077 614 2154 Consistat,
639 2080 831 2163 proprioque
855 2080 936 2144 actis
960 2079 1155 2163 obtemperet
1175 2077 1263 2141 ultro

439 2208 592 2292 Appulsu,
620 2208 719 2272 nihilo
744 2213 779 2273 ut
803 2208 843 2273 ab
869 2210 959 2275 avita
982 2207 1228 2293 praepediantur

439 2343 510 2407 Hac
533 2343 669 2418 metod0,
694 2363 775 2426 quae
799 2348 917 2408 natura
940 2339 1171 2427 praescribitur
1195 2337 1267 2401 illis.

438 2475 511 2540 Non
541 2475 652 2559 gravis
676 2479 725 2540 est
750 2475 848 2560 igitur
872 2474 978 2539 Tellus
1002 2474 1105 2558 magis
1130 2473 1160 2534 in
1184 2470 1316 2554 regione

438 2605 518 2687 Hac,
543 2626 638 2690 quam
662 2609 705 2673 sit
727 2608 857 2692 propria
881 2608 912 2669 in
936 2605 1066 2688 regione
1091 2604 1225 2674 Venus,
1250 2599 1300 2685 (2)
1324 2599 1515 2683 Pyroente&

439 2732 595 2817 Cynthia,
623 2735 748 2819 Apoll0,
772 2737 858 2808 Dios,
884 2734 1055 2808 Saturnus,
1080 2733 1331 2814 lllcrcuriusque‚

439 2862 605 2946 Quotquot
630 2867 661 2927 in
686 2867 837 2929 immenso
861 2870 936 2930 sunt
959 2865 1166 2930 scintillantia
1191 2863 1240 2950 (3)
1265 2879 1387 2946 camp0,

439 2992 539 3070 Unus,
568 2995 751 3072 continuus
776 3016 857 3080 quae
881 2996 1160 3080 circumplectitur,
1184 3017 1250 3063 aer.

439 3122 476 3185 In
501 3122 625 3206 quibus,
651 3130 683 3190 et
706 3124 805 3192 veluti
828 3127 957 3211 parteis,
982 3126 1033 3212 (4)
1058 3128 1193 3192 Telluris
1217 3131 1360 3214 aguntur

438 3247 592 3326 Membra,
619 3249 672 3314 ubi
696 3252 908 3336 comparibus
932 3253 1133 3337 totidemque,
1151 3255 1323 3339 iisdemque
1346 3256 1510 3321 elementis

439 3375 628 3444 Conflantur
651 3400 732 3463 quae
756 3380 836 3447 baec
860 3385 892 3446 iu
916 3391 1027 3450 nostra
1050 3387 1181 3466 regione
1204 3385 1363 3452 ridentur.

438 3506 527 3592 Ergo
553 3508 690 3573 Telluris
713 3511 788 3593 quia
811 3511 922 3575 eadem
946 3512 1124 3577 conditione

439 3633 653 3721 Congaudent
676 3658 787 3703 omnes
810 3638 949 3705 celebres
975 3637 1140 3708 effectibus
1164 3641 1283 3721 isdem;

420 3926 449 3980 ll)
464 3927 547 3975 Quosto
559 3938 682 3982 quoquam
692 3941 721 3972 va
730 3929 810 3974 riunire
819 3942 861 3973 con
870 3929 951 3974 laeuo
961 3931 1099 3987 precedente:
1112 3933 1177 3974 leurd
1190 3944 1322 3986 qtcaqnum.

419 4016 447 4070 (2)
462 4017 492 4058 Le
507 4018 550 4060 dne
565 4019 650 4073 riegola
664 4020 700 4062 fra
714 4022 749 4064 cui
763 4024 775 4062 e
789 4030 853 4076 posto
868 4022 995 4074 Pyroenree
1009 4032 1120 4065 mancare
1134 4022 1170 4065 uel
1185 4029 1254 4065 testo:
1275 4025 1298 4067 ci
1313 4035 1386 4066 vanno
1400 4038 1440 4080 per
1454 4025 1511 4068 indi-

394 4111 526 4155 catechesi
536 4118 606 4156 tratre
615 4113 636 4155 dl
646 4127 675 4157 uu
684 4114 741 4158 altro
754 4116 854 4170 planeto.
866 4115 887 4159 dl
901 4116 982 4159 uerte.

420 4202 450 4258 (3)
465 4203 482 4245 ll
497 4211 553 4247 testo
567 4205 607 4248 ha:
623 4208 788 4250 orincr'llontia.

422 4296 452 4348 (ll
462 4296 546 4343 Queeta
555 4298 642 4352 virgula
652 4313 665 4342 e
674 4300 696 4342 lu
705 4300 838 4355 precedente
843 4313 954 4345 mancare
963 4300 998 4345 nel
1008 4307 1076 4345 testo:
1088 4313 1141 4343 sono
1151 4300 1283 4352 necessarie,
1292 4298 1372 4354 perche
1381 4302 1473 4343 terroris
1487 4313 1517 4344 va

393 4403 435 4434 con
446 4394 558 4448 membra,
568 4407 611 4439 non
621 4394 661 4450 git
670 4406 712 4437 eon
720 4399 816 4451 porreto.
