3442 5108
895 278 1074 338 ...2³8-

471 461 621 538 Spacium,
634 464 663 518 in
684 480 742 536 quo
765 479 889 537 corpora
910 461 1097 536 recipiantur,
1117 457 1214 517 nescio
1232 457 1378 534 quomodo
1399 460 1554 536 quisquam

430 599 487 639 non
508 581 625 639 omnino
647 592 743 638 mente
763 594 868 655 captus
888 580 979 654 possit
999 577 1137 653 effugere,
1152 577 1304 652 ipsumque
1318 596 1374 634 uon
1391 595 1455 636 esse
1468 580 1554 655 quip-

427 703 507 778 piam
535 704 652 760 omnino
679 720 698 758 a
723 701 894 776 corporibus
913 699 1094 757 distinctum.
1115 697 1246 772 Moxque
1266 703 1388 773 apparet
1413 702 1553 784 quemad·

428 819 550 877 modum
571 821 614 877 ita
633 818 760 876 coecitas
773 816 957 877 coecitatem.
971 814 1136 890 ignorantia
1151 814 1347 889 ignorantiam
1365 819 1554 891 consequitur

427 938 457 996 in
478 938 582 996 ordine
602 956 705 996 eorum
725 937 776 1013 qui
797 936 862 1012 pius
885 935 1041 993 rerbicuiis
1054 950 1142 1011 atque
1156 936 1326 1007 ratiociniis,
1342 955 1431 1012 quum
1452 956 1551 996 rerum

426 1060 553 1112 naturae
573 1053 769 1115 attendentes.
789 1052 967 1112 exorbitant:
988 1053 1071 1119 aiunt
1094 1069 1145 1127 pro
1166 1051 1312 1126 completa
1335 1052 1465 1129 corporis
1479 1054 1553 1113 defi·

427 1170 538 1229 nitione
553 1171 648 1248 ipsum
663 1171 739 1245 qued
754 1169 944 1244 longitndine.
966 1170 1129 1233 latitudine.
1151 1179 1240 1245 atque
1263 1171 1465 1247 profunditate
1479 1175 1553 1232 defi-

352 1296 358 1304 '
426 1293 508 1352 nitur
521 1300 672 1369 quantum,
687 1293 811 1367 ideoque
821 1289 868 1371 ql)
883 1308 959 1367 quae
971 1291 1030 1348 tria
1043 1309 1110 1348 cum
1125 1293 1154 1349 in
1167 1293 1265 1366 spacio
1279 1291 1446 1366 intelligere
1463 1309 1551 1368 opor-

426 1426 499 1492 teat,
521 1421 617 1497 ipsum
637 1428 850 1494 cousequenter
870 1434 975 1493 corpus
996 1419 1062 1487 erit,
1084 1419 1159 1493 quod
1183 1418 1231 1474 uel
1253 1418 1406 1475 recedente
1429 1436 1552 1493 corpore

425 1539 539 1597 desinat
550 1556 616 1597 esse
626 1538 767 1614 spacium,
789 1537 836 1596 sel
857 1536 887 1592 in
909 1549 1025 1593 etcum
1047 1535 1275 1592 dimensionibus
1303 1535 1397 1593 tribus
1416 1536 1504 1610 spacii
1519 1556 1552 1594 e·

424 1670 493 1716 runt
508 1659 701 1716 dimensiones
716 1657 855 1731 corporis.
878 1655 947 1712 ldeo
967 1668 1066 1712 autem
1088 1655 1201 1730 (inquit
1221 1653 1413 1730 Aristoteles)
1444 1655 1501 1712 duo
1519 1673 1551 1714 se

423 1776 509 1836 simul
525 1793 649 1853 corpora
668 1793 727 1832 nou
748 1773 977 1848 compatiuntur,
998 1772 1067 1846 quia
1082 1786 1142 1830 tres
1156 1773 1350 1831 dimensiones
1375 1791 1440 1830 cuni
1456 1775 1549 1832 tribus

422 1895 490 1953 aliis
504 1915 561 1954 non
576 1906 697 1972 possunt
712 1913 776 1952 esse
787 1893 1024 1951 dimensionibus.
1040 1895 1132 1953 Asso
1148 1894 1230 1963 bone,
1244 1910 1349 1968 corpus
1367 1894 1551 1953 mathemati·

422 2017 514 2072 coest
529 2013 558 2070 in
570 2031 675 2089 genere
689 2013 872 2088 quantitatis,
882 2024 910 2069 et
926 2016 993 2067 tune
1008 2009 1155 2070 detiuitur.
1167 2010 1314 2084 quamitas
1330 2009 1418 2067 trium
1433 2011 1547 2068 dimen-

422 2137 549 2196 sionum:
571 2144 602 2194 et
622 2137 664 2194 sic
684 2136 721 2194 ab
743 2153 816 2206 esse,
836 2134 1083 2208 consistentiaque
1104 2133 1286 2190 substantiae
1307 2133 1460 2190 abstrahit.
1474 2133 1546 2191 Cor-

422 2274 478 2331 pus
498 2256 619 2332 physice
641 2262 687 2313 est
708 2255 738 2312 in
759 2271 866 2329 genere
887 2252 1078 2321 substantiae,
1099 2260 1127 2310 et
1149 2266 1219 2309 turre
1240 2251 1392 2311 definitur:
1409 2254 1546 2310 substan-

422 2373 464 2431 tia
478 2378 539 2432 tres
560 2374 724 2449 concipiens
745 2374 950 2444 dimensiones,
972 2392 1023 2431 seu
1044 2375 1208 2432 substantia
1229 2391 1388 2450 corporeo:
1409 2378 1452 2434 sio
1467 2378 1544 2435 euim

422 2492 540 2568 vulgus,
562 2492 727 2552 differentia
751 2494 908 2566 mediante,
930 2513 948 2552 a
972 2513 1080 2570 genere
1104 2495 1326 2569 generalissimo
1357 2500 1394 2556 ad
1419 2502 1546 2576 primum

419 2618 622 2676 subalternum
637 2637 727 2694 genus
748 2618 879 2696 (corpus)
895 2620 1062 2679 immediate
1078 2622 1242 2694 deseendit3
1258 2623 1424 2700 proximant
1440 2645 1544 2703 nempe

420 2736 603 2795 substantiae
618 2739 744 2812 speciem
768 2739 858 2795 Sicci
873 2739 1068 2798 dimensiones
1083 2740 1112 2797 in
1127 2743 1275 2818 proposito
1290 2743 1447 2819 dupliciter
1462 2745 1544 2802 acci·

419 2853 524 2929 pimus,
550 2854 643 2929 primo
667 2854 789 2930 physice
815 2861 845 2913 ct
869 2856 923 2913 hoc
949 2863 1032 2931 pacto
1047 2857 1192 2931 bifariam,
1209 2866 1237 2918 ct
1252 2861 1362 2919 scilicet
1384 2872 1415 2920 ut
1432 2868 1498 2921 sunt
1515 2866 1544 2923 in

419 2972 533 3030 ratione
548 2971 628 3044 Loci,
643 2973 728 3031 etita
743 2991 799 3031 non
814 2978 883 3031 suut
897 2992 1012 3050 corpus,
1028 2994 1119 3050 neque
1134 2994 1201 3051 pam
1216 2981 1362 3054 corporis,
1383 2999 1478 3056 necque
1492 3001 1542 3041 ac-

418 3090 525 3161 cidens,
541 3095 574 3148 ut
588 3091 616 3148 iu
630 3093 830 3168 superioribus
846 3096 1035 3154 ostendimus:
1051 3108 1080 3154 ct
1096 3104 1127 3156 ut
1142 3108 1209 3158 suut
1225 3101 1382 3158 iuratione
1402 3101 1499 3174 locari,
1514 3112 1543 3163 et

417 3204 460 3265 itu
484 3205 666 3266 constituunt
691 3210 815 3282 speciem
836 3230 901 3269 eam
916 3214 1108 3286 substantiae,
1124 3235 1200 3290 quae
1215 3219 1293 3277 dicta
1311 3226 1366 3279 est.
1389 3221 1451 3279 Hac
1466 3223 1546 3280 suffi-

417 3323 528 3395 ciente,
554 3327 718 3385 necessariu
731 3372 738 3400 ,
753 3347 804 3404 per
818 3348 908 3406 seque
931 3333 1085 3392 manifesta
1099 3335 1287 3395 distinctione
1301 3346 1408 3411 stante,
1426 3348 1542 3401 tantum

415 3438 467 3499 illu
482 3441 692 3503 dimensionum
707 3447 797 3522 spacii
813 3452 901 3524 atque
922 3451 1052 3526 corporis
1080 3454 1353 3532 incompossibilitas
1381 3464 1463 3537 sequi
1489 3483 1541 3539 po-

415 3568 493 3635 test,
509 3574 649 3640 (quantum
673 3569 760 3629 locati
785 3591 851 3632 cum
872 3576 935 3633 loco
950 3577 1235 3655 incompossibiiitus,
1253 3583 1300 3639 ubi
1323 3586 1485 3643 seeundum
1500 3588 1541 3644 rei

415 3690 571 3752 veritatem
596 3713 702 3773 eorpus
727 3719 783 3758 nou
806 3708 903 3778 potest
926 3706 1018 3765 ullum
1040 3726 1102 3767 esse
1121 3709 1183 3767 sine
1199 3709 1281 3782 loco;
1297 3715 1327 3769 et
1344 3712 1540 3772 dimensiones

414 3807 492 3870 illius
507 3820 654 3888 nequount
673 3817 736 3876 sine
756 3821 926 3896 aequalibus
941 3828 1142 3903 conceptuntis
1159 3829 1252 3905 spacii
1268 3848 1333 3888 csse
1349 3833 1540 3892 dimensioni-

441 3990 470 4043 (l)
482 3990 498 4032 il
508 3999 565 4034 temo
576 3991 611 4033 liu:
623 4003 738 4047 quomam
748 3999 812 4053 ideoq
818 4000 920 4043 ute-ce
934 4014 964 4044 un
973 4003 1032 4060 po'di
1043 4005 1131 4062 viluppo
1142 4007 1200 4050 nella
1208 4009 1309 4065 simassi,
1320 4012 1377 4054 forse
1388 4025 1427 4066 per
1442 4012 1538 4068 qualche

414 4082 484 4126 inciso
494 4084 622 4127 trulasciuto
632 4098 637 4137 3
648 4087 664 4129 il
673 4100 739 4131 sense
749 4102 802 4144 pero
812 4094 824 4133 d
834 4101 918 4147 questo.
931 4096 960 4135 So
970 4094 984 4136 il
994 4107 1061 4152 corpo
1072 4098 1089 4140 si
1100 4098 1206 4144 detiuiscc
1216 4115 1255 4157 per
1265 4103 1286 4145 ie
1295 4111 1329 4145 tre
1339 4103 1477 4155 dimensioni,
1492 4106 1538 4161 pui-

413 4182 456 4226 che
466 4189 552 4226 coteste
563 4185 603 4226 deo
614 4185 690 4229 averio
699 4190 773 4232 aurire
782 4190 803 4232 io
812 4192 887 4246 spuzio
898 4223 903 4244 ,
919 4205 947 4235 ne
957 4207 1069 4251 consegue
1079 4212 1092 4238 o
1102 4199 1161 4251 cbo,
1175 4209 1276 4256 sposmto
1291 4202 1305 4244 il
1316 4214 1386 4258 corpo
1399 4235 1404 4256 ,
1419 4206 1437 4245 si
1452 4203 1537 4259 dilegui

412 4286 468 4330 pure
476 4276 497 4318 lo
507 4279 582 4333 npuzio
592 4277 634 4321 cbe
644 4279 714 4335 quello
724 4295 855 4341 occupauu3
870 4297 955 4330 essere
969 4287 1011 4330 circ
1022 4287 1085 4332 siauo
1094 4291 1207 4335 coesistite
1223 4293 1316 4338 insieme
1327 4296 1347 4338 le
1358 4302 1391 4337 tre
1406 4294 1537 4340 dimensioni

413 4366 449 4411 dei
459 4381 533 4426 corpo,
544 4386 557 4414 e
567 4373 587 4415 le
596 4382 630 4422 tre
641 4376 698 4420 delio
708 4383 793 4435 qruzio.
