3442 5108
661 365 839 428 -211-

240 542 335 605 Hisce
359 541 446 616 locis,
469 542 600 625 visoque
623 540 685 606 hoo
708 560 854 626 conpone,
879 542 928 628 (1)
951 545 1081 608 materie

237 675 285 742 Ac
306 677 333 740 si
356 694 455 740 causa
478 675 542 738 siet
565 679 676 739 nostra
699 672 778 738 baec
800 673 1009 758 apprehensio
1033 693 1149 751 recum3
1174 673 1222 759 (2)

235 808 342 892 Atque
366 809 411 873 ita
433 804 608 870 subsistant
631 802 741 887 quales
764 803 837 868 bino
859 822 926 867 esse
950 801 1110 876 videntur,

240 937 369 1021 Nosque
393 937 440 1001 ita
464 938 645 999 constemus
668 933 778 1017 quales
802 930 871 995 inde
893 950 962 996 esse
979 928 1131 1007 videmur,

240 1062 365 1128 Scilicet
389 1081 405 1125 e
430 1061 554 1145 templis
578 1059 630 1123 ubi
654 1060 764 1123 Lunae
787 1057 1008 1143 despiciamur.

236 1187 323 1270 Engo
348 1186 502 1270 principio
527 1183 673 1260 admirer,
697 1182 888 1259 dubitemve,
912 1201 970 1246 neo
993 1182 1096 1246 almae

236 1313 407 1380 Occludam
431 1313 546 1379 valvas
571 1312 609 1377 ad
634 1313 749 1378 mentis
772 1311 903 1386 lumina,
927 1310 1034 1375 nesio

236 1442 386 1510 Sensibus
410 1442 557 1506 inveniar
580 1439 703 1506 frustra
725 1440 862 1506 donatus
885 1440 925 1505 ab
948 1460 1040 1506 aevo,

233 1567 299 1643 Ceu
323 1567 408 1632 huno
435 1567 533 1632 solem
559 1568 645 1630 circa
668 1565 762 1631 video
786 1571 890 1631 terere
912 1587 988 1631 aera
1011 1568 1136 1639 multos.
1203 1597 1209 1615 ν

235 1695 288 1760 Sic
311 1693 450 1759 infinitos
474 1695 592 1758 circum
617 1711 811 1777 consurgene
834 1691 968 1756 mundos

231 1826 370 1907 Oceano,
397 1824 444 1911 (3)
470 1825 608 1889 illustres
631 1823 685 1887 alii
708 1820 827 1888 suerint
849 1820 897 1906 (4)
921 1820 974 1885 ubi
996 1820 1088 1896 soles
1114 1820 1162 1906 (5)

232 1955 435 2036 Concludam,
448 1962 505 2022 aut
517 1953 655 2020 dubitem
681 1973 744 2017 non
757 1952 805 2038 (6)
818 1972 971 2037 gnocans,
991 1952 1072 2017 mole
1084 1952 1235 2033 minores,
1248 1953 1304 2039 (7)

230 2085 291 2157 Qui
318 2082 416 2148 veluti
441 2087 591 2148 constant
614 2084 785 2167 peregrina
809 2082 888 2157 luce,
912 2087 1054 2167 potentes

228 2213 271 2278 Ut
294 2212 455 2296 speculum
480 2210 634 2276 obversas
659 2213 689 2274 in
714 2211 834 2295 parteis
858 2216 953 2293 atque
976 2211 1180 2295 propinquas⁸
1209 2210 1256 2294 (8)

226 2346 298 2410 Non
322 2352 412 2429 parte
436 2346 596 2425 exomni,
621 2365 684 2408 non
709 2363 963 2428 versumquaque
985 2345 1154 2408 remittunt

228 2475 420 2557 Conceptam
444 2474 579 2557 speciem
603 2477 748 2537 sacratae
773 2470 935 2557 lampadis.
961 2471 1047 2555 Engo

224 2601 305 2665 Illud
329 2602 482 2686 principio
508 2602 608 2666 nostri
631 2602 845 2666 inconstantia
868 2620 980 2664 sensus

223 2737 374 2809 Edoceat,
399 2757 457 2800 cen
480 2737 671 2820 principium
696 2736 751 2802 tibi
775 2737 970 2822 cognitionis

222 2869 342 2934 Debent
366 2869 495 2955 objectis
522 2871 657 2936 conlatis
681 2871 823 2956 pluribus
846 2892 923 2944 esse.

222 2999 327 3083 atque
350 2999 539 3067 facultatum
564 3005 662 3068 variis
686 3007 887 3072 currentibus
911 3029 975 3074 una

223 3126 382 3204 Testibus;
408 3135 457 3195 est
480 3130 563 3194 enim
588 3132 722 3197 divensis
745 3135 840 3202 insita
864 3136 959 3204 rebus

223 3262 296 3326 Lux
320 3262 400 3337 veri,
425 3267 457 3327 et
483 3264 582 3330 veluti
606 3266 809 3333 tenebrarum
833 3269 974 3354 splendet
996 3271 1037 3336 ab
1060 3272 1146 3337 orbe.

216 3468 395 3527 Universum
416 3467 618 3544 philosophiae
639 3474 827 3542 momentum,
842 3489 898 3547 quo
919 3490 937 3530 a
957 3489 1067 3550 pravae
1094 3473 1293 3551 dispositionis

147 3656 153 3669 ‚
173 3591 355 3669 ignorantiae
376 3592 465 3666 atque
486 3592 672 3668 sophismatis
692 3594 798 3653 finibus
818 3595 989 3671 elongatur,
1014 3600 1060 3656 est
1081 3595 1210 3656 universi
1235 3596 1291 3656 im·

201 3807 232 3860 (l)
241 3807 325 3854 onesta
334 3805 420 3860 virgola
430 3818 510 3855 manca
519 3806 555 3849 nel
565 3812 630 3849 testo.

201 3899 232 3952 (t)
244 3896 284 3939 Nel
293 3901 350 3938 testo
359 3895 398 3938 c'b
407 3909 436 3938 un
446 3901 523 3952 punto.

198 3995 229 4048 (3)
240 3996 322 4043 Quesla
331 3991 417 4046 virpoln
426 4003 505 4035 manca
517 3989 552 4032 nol
560 3997 627 4033 tosto.

200 4087 230 4140 tl)
244 4087 260 4129 ll
274 4094 333 4129 testo
346 4087 388 4129 ha:
403 4087 503 4138 fueruit.

199 4183 230 4236 (5)
241 4182 325 4229 Questa
334 4180 420 4233 singola
429 4192 510 4223 manca
520 4182 555 4224 nel
568 4189 633 4224 testo

199 4278 229 4330 (u)
243 4278 351 4318 Gaurana
361 4287 402 4318 non
412 4277 432 4318 o'
441 4279 460 4317 e:
472 4274 537 4319 credo
550 4276 627 4320 averil
637 4277 710 4320 Bruno
719 4283 784 4322 ussto
792 4288 840 4322 ιιοιι
849 4289 955 4332 psorem
967 4277 1045 4322 invoco
1055 4280 1077 4323 dl
1088 4281 1210 4333 ipsoram.

199 4371 228 4422 (7)
238 4368 279 4411 Nol
288 4370 372 4411 testoc'
382 4372 394 4411 b
404 4369 417 4411 il
428 4377 505 4424 punto.

134 4511 140 4518 ,
198 4461 229 4516 (8)
239 4462 323 4510 Quem
332 4459 439 4515 virgulae
449 4461 471 4504 la
480 4467 588 4515 segusino
598 4472 714 4505 mnotno.
