3442 5108
674 322 794 384 -239
819 357 850 369 —

646 613 789 680 CAPUT
814 613 872 678 Xl.

228 819 320 863 Etiamsi
333 820 428 864 mundus
438 822 480 864 iste
489 822 518 865 sit
527 819 650 877 perlectus,
659 832 701 862 non
711 820 767 862 tollit
777 833 828 863 esse
838 821 1031 864 innumerabilibus
1044 822 1081 877 qui
1090 822 1134 864 sint
1144 820 1222 863 eadem
1231 820 1297 863 ratio·

256 924 283 952 ne
294 911 395 966 perlecti,
406 912 443 955 vel
452 913 530 966 magis,
545 912 581 954 ubi
595 912 702 966 spacium,
720 918 785 968 pater
800 912 896 956 efficiens
907 913 976 957 bonus
990 921 1013 957 et
1027 922 1113 969 potens,
1129 912 1223 956 materia
1234 911 1303 954 obse-

260 1017 338 1060 quens,
348 1005 442 1049 effectus
452 1005 645 1050 laudabilissimus.

247 1173 315 1239 Nec
339 1173 417 1238 bene
445 1177 633 1241 cunctarum
657 1172 873 1239 boiamundo
897 1172 1052 1259 perfectio
1076 1194 1186 1241 rerum

248 1302 384 1386 Largita
412 1309 461 1369 est
484 1302 599 1369 horum
621 1325 727 1382 sensu,
753 1304 944 1390 firmataque
968 1327 1058 1373 voce.

248 1434 378 1500 Infinita
403 1438 521 1500 etenim
546 1456 628 1520 quae
652 1441 787 1521 possunt
812 1437 950 1521 undique
975 1440 1075 1503 tantis

249 1568 286 1633 ln
310 1570 426 1652 spaciis
450 1576 483 1638 et
507 1576 572 1636 tam
597 1573 704 1637 multis
727 1573 898 1638 succedere
921 1594 1054 1657 semper,

250 1698 367 1764 Omnia
393 1701 446 1783 qui
470 1705 622 1785 poterunt
645 1703 705 1768 isto
729 1708 882 1769 contenta
906 1703 1039 1788 putari?

250 1829 284 1895 Si
308 1833 360 1895 vir
386 1833 470 1896 euim
494 1854 649 1909 summus
674 1834 812 1901 donatus
835 1841 867 1901 et
892 1835 997 1899 iudole
1021 1839 1128 1913 tanta,

251 1960 380 2033 Quanta
408 1962 553 2027 homines
577 1963 683 2028 cuncti
707 1964 860 2040 ditantur,
886 1964 932 2026 sio
955 1965 1130 2041 statuatur,

257 2094 340 2167 Quid
367 2100 458 2162 vetat
480 2117 549 2161 esse
573 2097 654 2162 alios
677 2096 831 2176 homines,
856 2097 964 2179 illique
980 2094 1110 2159 subesse

252 2224 371 2289 Ordine
400 2227 431 2290 iu
458 2227 519 2291 hoo
543 2231 679 2313 generis
703 2235 736 2292 et
759 2227 898 2311 partibu'
916 2227 1063 2291 arateriei

255 2356 401 2428 Quaeso
426 2358 471 2421 ita
495 2363 665 2444 propterea
688 2358 870 2443 amplificas
895 2355 947 2422 vel
970 2376 1033 2439 qua
1057 2355 1184 2421 ratione

252 2485 448 2549 Harmoniae
478 2490 589 2552 tautae
612 2506 651 2550 ac
674 2487 799 2550 numeri
822 2484 988 2550 servarier
1013 2481 1092 2546 ordo

253 2615 309 2679 Ille
334 2615 444 2681 valere
470 2620 576 2698 queat,
602 2618 660 2680 uisi
685 2616 790 2700 pluria
813 2614 1069 2682 distribuantur?

255 2749 383 2833 Optima
408 2769 544 2832 namque
568 2769 691 2826 aionas,
709 2770 877 2814 numerum
900 2769 982 2845 quae
1005 2747 1174 2832 complicat
1196 2764 1332 2822 omnem,

254 2880 420 2964 Corporea
444 2899 503 2962 pro
529 2882 616 2944 sorte
640 2899 739 2943 unum
762 2878 932 2945 dumtaxat
956 2876 1091 2960 idipsum
1115 2879 1164 2941 est

255 3010 379 3074 Arcens
405 3010 589 3072 innumeros
614 3006 679 3071 ullo
703 3009 770 3072 sine
794 3004 893 3072 limite
916 3003 1063 3069 mundos.

256 3141 328 3206 Nou
351 3141 428 3205 satis
455 3143 504 3205 est
527 3158 635 3215 urium,
662 3139 737 3222 quia
760 3157 849 3201 mens
872 3135 1027 3201 foecunda
1051 3157 1107 3222 per
1130 3138 1270 3221 amplum

256 3269 373 3335 Totum
397 3289 431 3332 se
455 3267 589 3333 lundens
613 3275 708 3335 extra
731 3269 849 3344 omnia,
874 3289 946 3332 cum
969 3269 1011 3334 sit
1034 3270 1068 3332 iu
1093 3269 1178 3333 omui

257 3402 298 3465 llt
322 3399 416 3464 simili
441 3399 583 3466 bonitate
606 3406 721 3485 potens
746 3399 919 3465 foecundat
940 3400 1042 3477 inaue3
1067 3400 1115 3488 (1)
1139 3406 1175 3468 ut

258 3533 323 3596 Per
350 3538 453 3599 totum
477 3553 635 3619 generosa
657 3535 705 3598 sui
728 3535 789 3601 siet
812 3534 909 3600 obvia
933 3536 1047 3620 imago.

258 3663 311 3728 Sio
334 3663 493 3748 synodum
517 3671 612 3731 extra
636 3684 760 3730 omnem
784 3665 951 3731 stellarum
974 3685 1109 3751 pergere
1133 3671 1238 3733 mente

260 3803 305 3866 'lo
330 3803 382 3866 ria
405 3823 499 3867 sacra
519 3801 613 3888 jubet
637 3801 851 3877 nihilomiuus,
877 3805 910 3866 et
935 3800 1025 3866 velut
1048 3799 1112 3865 illio

261 3933 318 3998 Est
343 3935 425 3997 lleus
450 3934 633 4008 immensus,
660 3932 796 4017 vestigia
819 3932 865 3995 sio
889 3929 1051 4004 bonitatis,

259 4062 311 4128 Sic
335 4063 476 4147 spacium
501 4062 612 4146 templi
635 4067 667 4127 et
691 4062 799 4146 magni
821 4063 957 4145 speciem
982 4055 1146 4125 simulacri

241 4232 270 4285 ll)
279 4231 329 4274 roo
339 4233 368 4275 lia
377 4233 391 4276 ll
402 4239 468 4285 testa
480 4234 500 4276 io
509 4233 609 4289 leageroi
619 4244 661 4275 cun
671 4230 744 4288 quast·
755 4232 813 4274 altra
823 4231 1005 4285 puntoggiatura:
1019 4240 1043 4271 se
1053 4228 1156 4281 (readers
1166 4233 1246 4274 carra,
1257 4230 1339 4271 omnia

215 4335 268 4365 culn
283 4328 313 4367 sit
331 4327 355 4366 iu
373 4328 439 4368 omui
446 4358 451 4375 ,
464 4333 485 4369 et
496 4323 569 4369 siusili
584 4326 685 4369 bersicote
694 4329 785 4379 polens,
799 4335 832 4367 ec.
845 4323 895 4365 -ll
904 4335 927 4365 se
936 4323 1117 4374 salmanasaro
1127 4332 1207 4365 omnm
1218 4320 1253 4376 psl
1264 4321 1341 4363 Bruno

216 4428 257 4457 nou
268 4414 297 4457 lia
306 4427 380 4458 senso.
