3442 5108
691 333 869 391 -aab-

252 526 367 591 Nullus
391 524 475 589 enim
501 528 551 588 est
574 525 668 609 ignis,
694 545 786 607 quem
810 525 914 589 nullus
938 523 1094 591 substinet
1116 524 1242 603 humor;

247 656 393 722 Naturae
417 654 559 719 humenti
588 652 742 718 accedeus
766 659 961 738 quapropter
980 632 1153 730 habendus,
1178 651 1227 739 (l)

248 784 317 849 hut
336 782 469 847 humens
495 788 612 848 natura
636 783 696 847 siet
717 801 776 865 pro
799 781 942 846 materiei

246 912 443 986 Conditione,
466 912 540 995 quia
564 916 612 976 est
631 910 716 974 iilius
740 909 844 975 forma
865 914 994 995 reperta

249 1037 290 1102 Et
316 1037 371 1100 lux
400 1040 494 1120 atque
518 1038 614 1101 calor.
642 1036 746 1101 Nullis
769 1035 946 1103 rationibus
970 1057 1057 1114 usus,

248 1163 407 1229 Naturam
431 1163 614 1229 humentem
638 1167 839 1248 asseruitque
864 1165 1027 1232 Thelesius
1052 1169 1166 1253 ignem.

248 1292 310 1357 Sed
336 1293 409 1376 quid
432 1298 599 1379 tantopere
624 1301 673 1360 est
696 1296 802 1378 ignem
822 1294 878 1361 tibi
901 1295 1128 1380 multiplicarit

248 1425 362 1490 Nonne
388 1445 465 1510 opus
493 1431 542 1491 est
564 1425 658 1490 aliam
682 1445 807 1508 quoque
829 1444 906 1490 mox
929 1413 1084 1490 adducere
1109 1444 1250 1505 causam,

248 1555 360 1620 Sidera
385 1577 448 1641 qna
472 1578 550 1622 rara
574 1578 637 1621 non
659 1559 731 1635 sint,
757 1558 847 1623 velut
871 1559 1015 1640 aethera,
1039 1580 1161 1636 massa,

248 1687 449 1773 Corporeque
476 1691 507 1752 in
532 1668 629 1753 denso
651 1689 772 1755 saciant
797 1691 972 1755 consistere
996 1689 1123 1755 lucem?

248 1815 322 1881 Non
343 1817 427 1900 ignis
452 1819 570 1881 natura
593 1816 718 1900 quidem
742 1817 925 1894 communia,
950 1821 983 1883 et
1005 1819 1075 1901 ipsa

247 1943 397 2009 Sensibus
425 1946 569 2030 inspicua
592 1944 677 2009 haud
701 1943 772 2008 ullis
797 1941 984 2020 substantia,
1011 1946 1098 2008 inani

247 2075 434 2150 PersimihS,
461 2095 599 2139 vacuum
620 2074 760 2159 spacium
782 2092 924 2156 quaeque
941 2092 1008 2137 esse
1032 2076 1173 2157 putatur.

247 2205 334 2290 Ergo
358 2205 562 2289 inspissatrix
583 2203 695 2289 vigeat
719 2202 874 2286 quaedam
898 2222 1022 2286 quoque
1046 2205 1151 2270 virtus

246 2335 288 2399 ut
312 2335 405 2399 simul
431 2334 603 2401 adnectens
627 2337 744 2419 parteis
763 2337 794 2399 in
820 2355 951 2420 corpore
975 2338 1056 2413 cmii,

247 2465 336 2538 Quae
359 2467 390 2529 in
417 2486 504 2546 raro,
531 2470 625 2549 atque
640 2467 735 2533 ,omni
759 2486 822 2529 non
848 2468 1063 2551 comperiatur
1083 2470 1115 2534 in
1141 2469 1225 2556 igne.

251 2593 357 2677 Atque
381 2595 461 2660 haec
485 2597 513 2658 si
536 2599 630 2661 tanta
653 2598 712 2662 est.
737 2600 774 2661 ut
797 2600 846 2661 tot
870 2616 927 2680 per
946 2598 1052 2662 saecla
1076 2606 1239 2684 perennet,

245 2736 318 2800 Non
343 2734 411 2797 sine
434 2728 578 2814 subjecta
602 2733 650 2793 est
673 2731 771 2799 terra,
797 2727 1011 2811 immensoque
1032 2728 1164 2812 liquore,

246 2865 306 2939 Qui
331 2861 446 2928 solidat
469 2860 590 2937 stellas,
615 2863 647 2924 et
671 2879 808 2943 corpora
828 2864 953 2936 cuncta,
979 2864 1166 2945 atomosque

246 2992 411 3067 Conciliat,
436 2989 580 3074 quodque
602 2994 652 3054 est
671 2988 774 3054 undae
799 2990 831 3055 vi
852 2991 1053 3057 conciliatum
1078 2991 1135 3077 (⁶2),

245 3122 409 3204 Terraque
434 3117 587 3201 Cecropio
612 3115 770 3199 quondam
795 3117 841 3202 (a)
864 3123 914 3182 est
934 3123 1082 3203 reputata
1097 3121 1237 3201 Platoni,

248 3250 366 3314 Terrea
393 3244 545 3329 discipulo
571 3243 683 3308 saltem
714 3246 763 3307 vis
791 3243 876 3309 dicte
900 3246 1042 3322 plotino,

247 3374 380 3439 Lumine
405 3377 539 3436 naturae
566 3371 707 3455 ingenito
731 3369 761 3433 id
785 3377 918 3456 cogente
946 3372 1048 3439 satori.

246 3510 322 3574 Esse
350 3505 475 3591 quidem
500 3504 585 3570 haud
609 3505 727 3590 poterit
752 3505 888 3572 diversis
912 3507 1055 3592 partibus
1081 3531 1187 3587 uuum,

245 3643 311 3708 Nec
337 3663 393 3725 per
414 3662 447 3705 se
469 3641 534 3704 rari
556 3659 594 3703 ac
616 3638 709 3722 spissi
733 3637 901 3703 discrimen
928 3638 1064 3715 habebit,

245 3773 289 3838 nt
313 3770 408 3837 dubio
433 3768 543 3855 procul
568 3786 671 3843 omne,
695 3766 816 3833 isthaec
840 3770 1003 3834 contraria
1028 3771 1131 3855 prima

246 3899 421 3966 Porticiunt
447 3918 570 3983 perse,
592 3894 703 3959 mediis
727 3894 840 3960 aliisve
864 3902 1043 3982 reportant,

247 4025 338 4093 t'nde
363 4024 481 4091 cadant
504 4028 597 4088 actus
624 4023 716 4097 varii,
744 4022 888 4108 variique
912 4027 1050 4111 vigores.

229 4239 261 4294 (l)
272 4238 288 4282 h
298 4246 355 4281 testo
366 4240 395 4283 ba
404 4237 440 4296 qut
451 4249 479 4280 un
490 4242 567 4294 pinno,
577 4235 619 4279 rho
629 4247 672 4280 non
681 4233 700 4277 ci
712 4244 749 4279 ra.

231 4336 261 4387 (ι’)
273 4335 289 4378 n
300 4343 358 4377 testo
368 4335 403 4378 ho:
415 4336 561 4377 concitatior.

236 4429 266 4483 (itt
281 4428 296 4469 u
306 4436 363 4470 resto
374 4429 413 4471 iia:
432 4432 541 4486 ‹frrcnpio
549 4431 676 4484 putandam.
