3442 5108
768 308 944 374 -165-

293 504 421 578 menta
435 500 587 594 faciunt,
607 499 777 601 quoquid
792 499 1013 577 absurdius?
1028 502 1088 577 vel
1104 509 1286 579 motorem
1297 529 1415 582 unum

295 628 452 706 diversis
486 627 653 729 pulsibus
680 628 900 706 distractum
927 631 980 706 ita
1008 632 1132 709 omnia
1159 657 1322 729 movere,
1342 660 1415 738 quo

295 754 382 859 quid
400 754 742 832 inconvenientius?
769 756 873 840 Quae
891 782 1005 834 causa
1023 758 1104 850 erit,
1126 762 1167 835 ut
1184 760 1307 860 potius
1326 760 1418 837 obti-

295 885 382 960 neat
413 881 683 984 peripheriam,
714 908 826 986 quam
849 884 1040 960 medium?
1063 910 1149 962 cum
1176 885 1213 962 in
1242 887 1417 964 continuo

295 1008 398 1086 nulla
411 1033 498 1111 pars
517 1015 691 1086 movetur
713 1009 792 1086 sine
819 1012 933 1087 totius
966 1014 1092 1104 motu,
1121 1012 1275 1115 ideoque
1293 1016 1418 1090 motus

297 1160 371 1213 non
391 1135 511 1239 magis
521 1140 578 1213 cst
593 1135 724 1225 centri,
737 1160 848 1239 quam
860 1137 1194 1232 circumferentiae,
1215 1141 1301 1240 quia
1318 1164 1420 1241 pror·

298 1290 362 1341 sus
382 1290 478 1342 unus
497 1265 667 1367 idemque
696 1266 860 1343 continui
888 1266 1013 1344 totius,
1042 1267 1171 1370 Neque
1199 1273 1256 1345 cst
1275 1294 1419 1363 verum,

299 1394 397 1496 quod
415 1419 502 1496 pars
524 1392 867 1470 circumferentialis
885 1393 1050 1471 velocius
1070 1400 1279 1490 moveatur,
1307 1421 1421 1499 quam

298 1546 386 1621 pars
405 1519 590 1611 centralis
607 1520 694 1621 quia
711 1520 804 1597 haec
814 1545 900 1621 pars
911 1543 997 1598 cum
1016 1521 1089 1613 illa,
1111 1527 1148 1599 et
1158 1523 1221 1599 illa
1231 1549 1317 1600 cum
1336 1524 1420 1620 ista,

193 1654 196 1659 '
301 1651 342 1722 ut
364 1671 479 1724 unum
499 1646 728 1741 continuum,
757 1645 867 1723 simul
894 1651 1105 1725 moventur.
1135 1650 1262 1752 Neque
1289 1676 1422 1728 verum

301 1779 357 1850 est
376 1798 534 1876 semper,
554 1775 651 1874 quod
669 1773 833 1850 velocius
848 1777 904 1849 est
917 1773 1008 1850 illud
1027 1775 1122 1877 quod
1150 1777 1295 1878 aequali
1321 1781 1421 1854 tem-

302 1927 390 2001 pore
409 1905 529 2004 majus
548 1902 710 2004 spatium
737 1900 925 2001 praeterit:
954 1901 1039 1977 talis
1067 1901 1165 1977 enim
1193 1904 1422 2005 comparatio

302 2026 425 2103 locum
453 2030 566 2106 habet
594 2029 632 2104 in
659 2028 816 2104 diversis
843 2027 1055 2120 mobilibus,
1084 2052 1158 2103 non
1178 2027 1277 2104 inter
1295 2033 1421 2131 partes

303 2155 413 2232 unius
432 2158 609 2254 continui,
632 2159 694 2235 ubi
721 2183 796 2235 non
826 2159 948 2235 minus
967 2158 1145 2235 velocitas
1164 2159 1327 2260 partium
1356 2159 1424 2235 cir-

303 2284 637 2363 cumferentialium
661 2287 829 2388 sequitur
847 2285 1085 2362 velocitatem
1103 2285 1267 2388 partium
1281 2288 1425 2362 centra·

304 2409 450 2506 liorum,
470 2437 581 2515 quam
595 2412 773 2490 velocitas
791 2413 1055 2490 centraliorum
1074 2413 1237 2516 partium
1256 2410 1425 2514 sequitur

305 2537 695 2616 circumferentialium
722 2539 969 2632 velocitatem3
997 2540 1152 2642 ideoque
1174 2541 1322 2640 proprie
1350 2562 1425 2615 una

305 2672 507 2774 cademque
535 2676 592 2748 est
611 2670 777 2748 omnium
804 2670 960 2746 tarditas
993 2670 1052 2744 vel
1080 2667 1269 2744 velocitas
1301 2666 1424 2761 Mitto,

306 2801 404 2901 quod
433 2800 495 2877 ubi
514 2803 637 2876 motus
656 2804 713 2875 est
728 2826 750 2874 a
768 2802 916 2888 natura,
936 2820 1003 2871 seu
1021 2796 1067 2871 ab
1087 2793 1222 2886 anima,
1238 2793 1426 2870 convinci·

305 2933 369 3005 tur
387 2932 563 3031 perpetuo
579 2953 659 3004 esse
679 2955 701 3003 a
721 2927 853 3014 medio,
881 2951 904 3000 a
932 2929 1072 3009 centro,
1093 2924 1189 3000 sicut
1209 2923 1425 3025 experimur

306 3056 344 3131 in
363 3055 587 3158 nobisipsis
608 3061 644 3131 et
659 3059 965 3156 argumentamur
982 3053 1020 3130 in
1040 3052 1221 3145 omnibus
1249 3056 1330 3130 tum
1349 3078 1425 3129 mo

307 3181 456 3270 bilibus,
476 3187 556 3260 tum
576 3188 613 3260 ct
641 3189 764 3259 motus
792 3181 997 3283 speciebus,
1017 3180 1125 3258 Unde
1144 3204 1230 3255 cum
1249 3185 1351 3256 terra
1379 3180 1427 3256 sit

308 3308 444 3385 animal
463 3311 648 3412 quoddam
663 3308 842 3400 divinum,
871 3311 908 3382 ct
935 3331 957 3382 a
985 3305 1133 3408 propria
1151 3305 1276 3381 anima
1290 3303 1424 3407 princi·

308 3438 410 3538 pium
420 3439 568 3531 habeat,
589 3439 781 3540 eidemque
796 3461 884 3513 vere
894 3433 1092 3511 conveniat
1110 3436 1233 3508 motus
1253 3431 1314 3508 ille
1329 3431 1428 3508 diur-

310 3594 393 3660 nuS,
414 3568 475 3670 qui
495 3567 716 3644 universalis
731 3569 854 3642 motus
869 3565 1034 3666 apparet:
1046 3568 1228 3638 motorem
1243 3583 1351 3636 suum
1367 3583 1428 3662 po

309 3695 384 3772 tius
402 3694 440 3770 in
459 3721 527 3771 suo
547 3698 687 3784 centro,
716 3718 827 3796 quam
855 3693 892 3769 in
920 3718 989 3768 sua
1007 3691 1067 3768 vel
1087 3689 1207 3768 aliena
1225 3690 1426 3766 circumsc-

309 3823 430 3901 rcntia
447 3823 691 3927 recognoscit.
