3442 5108
723 283 901 344 -316-

298 475 361 550 Qui
385 476 535 560 quoniam
559 475 667 540 radios
691 476 810 540 circum
834 473 972 558 undique
995 472 1122 559 projicit
1144 491 1272 555 aequos,

298 603 432 668 Viribus
456 607 553 687 atque
577 603 688 687 aequis
712 623 813 687 neque
837 604 1001 669 contendit
1023 603 1055 665 in
1080 601 1201 667 omneis

298 731 437 799 Diffusus
461 735 592 820 parteis,
616 734 751 818 speciem
775 734 821 798 sic
845 735 911 818 ipse
928 730 1069 817 figurat:

298 864 419 948 Nempe
443 862 502 927 sibi
527 862 579 927 hic
603 862 674 929 linit
697 865 853 947 spacium,
878 882 942 927 non
966 882 999 925 se
1022 860 1245 946 spaciumque‚

299 991 371 1064 Quo
396 1011 453 1075 per
476 1011 510 1055 se
533 992 600 1057 sine
623 991 686 1056 fine
710 991 759 1080 (l)
784 994 870 1077 capit
894 1010 1081 1077 quocunque
1105 988 1245 1054 recedat.
1275 1078 1278 1083 .

299 1125 373 1190 Non
400 1125 469 1190 ideo
494 1125 581 1190 uisus
606 1125 770 1204 mentitur,
795 1143 869 1187 nam
891 1121 948 1187 sibi
973 1127 1127 1206 quantum

297 1251 456 1317 Possibile
479 1258 527 1317 est
551 1255 657 1337 aequis
681 1253 779 1317 radiis
802 1259 994 1327 monstrare,
1019 1254 1184 1336 reportat;

301 1382 342 1448 Et
365 1401 553 1468 quocunque
576 1383 683 1461 abeas,
708 1404 891 1450 mensuram
914 1391 1025 1452 servat
1047 1383 1188 1451 eandem.

298 1514 447 1582 Defectus
471 1519 608 1583 rationis
632 1518 703 1599 erit,
728 1517 909 1601 praesentia
934 1520 1060 1581 lantum

222 1680 225 1688 =
300 1648 496 1715 Cunctaruin
521 1668 602 1733 quae
626 1653 701 1714 sunt
723 1666 831 1711 rerum
855 1650 1017 1712 momenta
1040 1649 1164 1729 putare,

299 1777 343 1845 Ut
366 1777 467 1852 multi,
492 1783 655 1844 astrorum
679 1783 804 1844 1311111111
827 1778 951 1843 isthaec
974 1778 1114 1842 maxima
1136 1774 1271 1841 credunt
1317 1798 1318 1801 ¹

303 1909 392 1984 Quae
415 1929 512 1995 prope
536 1914 622 1991 suut,
646 1910 756 1976 stellas
780 1929 843 1974 non
866 1908 989 1995 majore
1014 1928 1083 1972 esse
1108 1905 1233 1992 figura:

303 2041 347 2108 Ul
370 2060 493 2125 quoque
519 2022 680 2106 Tellurem
704 2043 842 2108 medium
865 2064 975 2108 rerum
1000 2062 1069 2106 esse
1092 2044 1259 2126 potarunt,

304 2174 384 2240 Cum
408 2180 515 2241 tamen
540 2176 703 2240 inveniam
728 2177 865 2240 medium
888 2175 921 2239 in
944 2179 1013 2240 toto
1037 2191 1194 2256 omneque
1217 2174 1322 2255 parte,

301 2303 455 2370 Partibus
480 2309 516 2370 ut
539 2307 662 2372 cunctis
687 2308 807 2392 pariter
830 2327 904 2393 pars
929 2328 1071 2391 quaeque
1095 2306 1199 2373 relata
1223 2311 1282 2372 est.

353 2434 441 2517 Ergo
466 2454 530 2499 non
555 2441 643 2502 certa
667 2435 779 2503 finitur
801 2440 947 2524 margine
970 2439 1103 2513 coelum,

308 2559 371 2624 Ast
398 2558 488 2623 facile
513 2560 664 2626 aetherea
686 2562 768 2629 haec
792 2568 890 2649 regio
914 2566 1085 2648 stellaeque
1110 2585 1165 2649 per
1186 2563 1325 2648 amplum

305 2692 495 2759 Tenduntur
520 2696 661 2779 spacium
685 2698 753 2762 sine
776 2696 859 2761 fine:
884 2718 943 2763 nec
966 2696 1037 2761 inde
1061 2694 1229 2782 neganda,

305 2820 397 2893 Quod
424 2819 574 2886 brevibus
598 2843 661 2886 non
686 2825 751 2888 sint
774 2845 813 2889 ea
836 2825 979 2891 sensibus
1003 2824 1108 2902 obvia,
1133 2827 1159 2889 si
1183 2843 1265 2908 quae

307 2947 403 3012 Ultra
425 2949 613 3014 stelliferum
636 2969 819 3018 convexum
844 2957 1082 3021 contineantur.

311 3074 352 3140 Et
375 3077 449 3158 quia
473 3077 663 3143 Aristoteles
687 3085 848 3148 arctatum
872 3103 987 3168 corpus
1010 3083 1190 3150 habendum
1215 3085 1275 3151 hoc

308 3203 441 3268 Finibus
465 3207 641 3291 apprendit,
666 3212 741 3293 quia
764 3217 815 3278 sat
837 3215 1042 3280 convincitur
1066 3217 1141 3282 illud

308 3336 472 3401 interiisse
497 3339 572 3423 vagi
598 3337 774 3426 subjectum
798 3346 969 3429 temporis:
995 3347 1078 3411 unde

313 3472 355 3537 Et
378 3472 543 3556 trepidans
570 3472 664 3540 turba
687 3480 746 3550 est,
771 3496 852 3559 quae
876 3477 957 3542 illius
980 3478 1119 3544 sensibu'
1143 3479 1298 3553 adhinnit.

312 3599 391 3665 Cum
418 3601 554 3684 trepidet
577 3603 656 3667 mire
679 3604 856 3690 subjectum
881 3610 1033 3692 temporis
1057 3608 1143 3674 illud.

310 3730 368 3796 llst
392 3749 508 3813 operae
530 3751 609 3817 ergo
633 3731 716 3797 almo
740 3732 864 3800 doctori
888 3734 1002 3801 mobile
1025 3738 1160 3820 primum

309 3860 380 3922 lam
407 3879 523 3924 nonam
548 3880 588 3925 ac
610 3860 762 3926 decimani
787 3862 956 3946 sphaeram
981 3863 1205 3949 superaddere,
1231 3871 1324 3934 nullis

311 3989 469 4054 Illustrem
495 3991 605 4071 stellio,
630 3992 684 4057 sed
709 4002 829 4058 motum
852 3993 1121 4079 suppeditantem:

311 4121 485 4186 Undecima
509 4130 557 4188 est
580 4124 709 4189 noviler
732 4123 935 4208 superaddita
961 4122 1190 4191 subsidiatrix:

312 4253 380 4318 Nec
403 4252 479 4319 data
502 4259 669 4339 propterea
691 4262 739 4322 est
762 4255 878 4341 populo
901 4274 966 4339 pax
991 4259 1086 4338 grata
1109 4256 1323 4341 sophaolum;

293 4414 323 4468 (ll
337 4414 354 4457 ll
362 4420 422 4459 testo
431 4414 460 4458 1111
469 4416 520 4458 sirie
528 4415 586 4457 sine.
