3442 5108
765 266 766 269 ‘
854 324 892 338 -
917 291 1035 352 180,-

365 483 531 578 tellures,
547 483 682 562 faciem
701 480 902 559 ostendunt
920 479 1027 557 nobis
1046 479 1165 582 igneis
1185 480 1297 555 astris
1315 478 1491 580 persimi-

371 611 459 698 lem,
479 612 525 688 ob
545 636 628 689 eam
646 633 759 714 quam
778 607 891 685 modo
910 606 1072 684 diximus
1091 605 1427 709 propinquitatem:
1455 603 1492 679 id

373 737 475 814 enim
492 738 539 815 ab
558 738 648 841 ipsis
666 761 742 814 non
760 735 957 826 accideret,
977 734 1009 810 si
1028 759 1050 809 a
1072 733 1178 810 nobis
1206 734 1354 808 tantum
1372 731 1493 807 dista-

367 867 463 957 rent,
487 867 672 964 quautum
691 862 864 966 regiones
878 860 1037 938 aliorum
1056 861 1202 961 ignium
1230 859 1330 936 ultra
1358 859 1493 936 Satur-

366 990 516 1067 num.Il
536 988 684 1092 speculo
704 987 803 1066 enim
822 987 1028 1090 propinquo
1047 986 1175 1063 lumen
1194 984 1313 1061 simile
1332 988 1489 1085 apparet

366 1119 479 1219 atque
497 1140 517 1191 e
534 1116 743 1218 propinqua
761 1113 938 1191 candelae
957 1112 1050 1203 luce,
1062 1113 1127 1188 sed
1146 1113 1325 1189 ambobus
1340 1110 1489 1186 distan-

367 1241 461 1317 tiam
487 1239 632 1330 nactis,
661 1239 771 1340 longe
798 1237 1212 1340 incomparabiliterque
1248 1236 1357 1312 citius
1395 1235 1491 1312 visio

370 1365 572 1468 specularis
591 1389 703 1466 quam
720 1389 833 1441 uerae
853 1364 946 1441 lucis
966 1360 1168 1439 evanescit.
1181 1361 1361 1447 Quamvis
1376 1360 1492 1463 igitur

371 1491 471 1567 circa
489 1490 581 1567 alios
600 1489 697 1567 soles
715 1488 816 1566 ultra
834 1489 945 1565 istam
960 1490 1060 1566 circa
1079 1514 1147 1564 nos
1167 1487 1358 1588 regionem
1377 1493 1494 1564 astro·

371 1641 528 1719 rumque
547 1616 732 1719 synodum
750 1615 825 1691 siut
843 1613 902 1720 (ut
920 1614 966 1690 ad
985 1639 1222 1691 communem
1239 1613 1355 1689 vitam
1370 1638 1496 1690 neces-

372 1741 472 1818 sario
491 1738 596 1844 sunt)
614 1741 710 1817 aliae
727 1739 899 1816 tellures:
918 1762 1038 1841 neque
1057 1742 1184 1814 tamen
1203 1738 1251 1813 ad
1270 1762 1351 1813 sese
1371 1741 1494 1814 osten-

373 1867 534 1944 dendum
552 1866 672 1959 nobiS,
691 1866 876 1967 nequead
897 1889 960 1942 eos
979 1864 1076 1940 soles
1096 1862 1341 1964 eclypsandos
1356 1864 1497 1940 habent

374 1994 593 2096 potentiam.
614 1993 723 2096 Apud
742 2017 811 2069 nos
831 1993 930 2069 enim
948 1994 1055 2071 Luna
1075 1988 1200 2069 Solem
1219 1991 1405 2095 eclypsat,
1424 2016 1499 2067 non

374 2122 526 2221 propter
544 2144 639 2212 eam,
659 2143 772 2222 quam
791 2119 839 2195 ad
866 2119 988 2222 ipsum
1016 2123 1135 2221 possit
1163 2122 1312 2212 haltere,
1341 2116 1496 2221 propin-

376 2246 569 2348 quitatem,
589 2248 655 2324 sed
675 2248 721 2324 ob
741 2271 837 2340 earn,
859 2271 971 2349 quam
990 2248 1037 2324 ad
1056 2249 1182 2325 oculos
1202 2250 1352 2325 nostros
1380 2244 1498 2344 adep-

376 2376 415 2447 ta
434 2374 502 2448 est.

813 2597 933 2650 ARI'IC.
953 2599 1077 2651 LXVIII.

433 2877 583 2980 Optime
601 2876 736 2954 alicubi
757 2878 898 2956 dictum
916 2882 1020 2957 extat
1039 2882 1085 2957 ab
1104 2880 1228 2956 anima
1247 2884 1404 2982 cogente
1433 2907 1501 2957 scu

380 3009 570 3104 operante,
592 3007 746 3078 aeterna
765 3005 908 3081 servari
928 3029 1085 3107 corpora
1103 3005 1177 3082 illa:
1190 3005 1281 3081 haec
1301 3004 1400 3080 enim
1420 3006 1502 3081 uni-

380 3131 438 3202 tas
469 3124 675 3226 copulatae,
696 3126 958 3230 ordinatasque
974 3133 1101 3205 servat
1120 3128 1338 3205 animalium
1359 3134 1504 3231 parteS,

381 3276 476 3353 quac
503 3251 627 3327 anima
646 3253 840 3330 recedente
867 3253 1132 3331 dissolvuntur.
1162 3256 1282 3330 Porro
1310 3253 1435 3330 anima
1466 3254 1502 3330 id

383 3375 592 3453 immediate
612 3376 701 3453 facit
727 3384 839 3481 atque
868 3380 1060 3480 proxime,
1088 3379 1208 3481 primo
1236 3384 1360 3455 autem
1389 3383 1502 3482 atque

382 3503 636 3606 principaliter
655 3530 770 3581 causa
788 3506 862 3599 illa,
891 3533 986 3610 quae
1005 3506 1140 3583 dicitur
1168 3506 1338 3582 omnibus
1366 3505 1504 3584 insitus

384 3630 487 3706 vitae
506 3629 657 3731 spiritus
678 3635 715 3708 et
732 3632 875 3709 infinite
895 3631 1026 3710 diffusa
1044 3633 1171 3710 mundi
1200 3632 1336 3710 anima.
1368 3634 1506 3736 Nequit

384 3757 500 3859 igitur
517 3756 604 3833 inde
617 3758 851 3858 negotiosam
864 3759 1084 3861 tristemque
1098 3760 1272 3861 consequi
1284 3760 1412 3853 vitam;
1430 3786 1506 3837 non

385 3884 484 3961 euim
503 3885 632 3961 eadem
652 3885 813 3961 conditio
832 3890 889 3963 est
908 3887 1130 3964 animalibus
1148 3886 1220 3962 illis
1240 3890 1351 3988 atque
1370 3886 1504 3966 nobis:

387 4010 436 4086 ibi
464 4010 562 4085 enim
590 4008 715 4087 omnia
746 4016 882 4089 natura
914 4018 952 4090 et
987 4013 1211 4090 naturaliter
1248 4013 1508 4114 potentissime

387 4138 562 4234 aguntur,
583 4137 643 4212 ubi
660 4160 733 4213 non
753 4162 776 4212 a
795 4138 1008 4216 continente
1022 4141 1194 4216 mutuata
1211 4139 1290 4216 vita
1309 4144 1348 4214 et
1367 4139 1508 4235 anima,

388 4258 451 4334 sed
471 4261 620 4362 propria
638 4264 715 4338 est:
734 4288 803 4341 nec
831 4262 968 4366 aliquid
995 4268 1216 4343 extraneum
1244 4267 1356 4367 atque
1389 4289 1505 4368 repu-
