3442 5108
753 366 931 426 -162-

294 563 489 667 superficie
506 559 615 637 lineis
633 561 745 658 atque
759 551 920 658 punctis,
930 550 1102 649 Dumque
1117 543 1418 644 interimpariter

294 694 443 768 caetera
467 687 514 762 ad
532 684 648 762 solem
660 681 766 758 nobis
784 674 912 755 affinia
925 675 1127 752 moventur
1140 672 1255 763 astra,
1266 666 1417 770 quinam

295 821 406 893 erunt
424 813 534 890 orbes
543 810 678 886 horum
687 798 981 904 deferentes(l)i
991 798 1054 901 qui
1062 801 1187 874 motus
1196 795 1420 900 primitqui·

294 968 383 1022 nam
407 939 590 1019 secundi?
609 936 649 1014 Si
667 938 791 1012 motus
817 929 891 1023 ille,
907 927 970 1031 qui
988 925 1136 1004 videtur
1153 923 1331 1018 universi,
1349 922 1420 1001 soli

296 1072 405 1174 globo
430 1070 478 1147 sit
496 1066 678 1170 proprius,
689 1060 834 1166 quierit
852 1058 1084 1137 extrinsecus
1098 1055 1159 1135 ille
1168 1060 1293 1134 motus
1310 1079 1420 1159 genc-

296 1199 384 1277 ralis
411 1203 518 1275 extra
544 1194 681 1283 onmia,
710 1192 817 1292 eujus
844 1188 1065 1290 phantasiae
1083 1183 1281 1291 pareat(2)
1294 1190 1419 1264 motus

296 1328 367 1404 iste
386 1325 517 1402 unicus
532 1327 570 1400 et
588 1319 813 1412 individuus
834 1318 897 1420 qui
915 1317 952 1393 in
971 1318 1042 1394 hoc
1056 1342 1185 1420 parvo,
1201 1316 1280 1395 solo
1294 1317 1419 1420 singu·

296 1454 439 1556 larique
451 1451 560 1554 globo
571 1444 890 1548 convinciturata)
900 1447 1007 1531 Quod
1021 1447 1219 1524 discrimen
1229 1449 1298 1542 est,
1309 1447 1341 1524 si
1360 1446 1421 1525 vel

298 1581 422 1658 omnia
441 1579 540 1655 circa
558 1600 714 1678 parvam
734 1575 905 1677 cymbam
923 1584 1064 1652 temere
1082 1580 1316 1671 moveantur,
1343 1576 1421 1653 fere

298 1707 545 1798 instantaneo,
566 1703 798 1804 rapidissimo
817 1710 855 1778 et
874 1703 1109 1806 dispergente
1128 1707 1249 1800 motu,
1267 1702 1329 1782 vel
1346 1704 1422 1782 fru-

298 1837 432 1938 galiter
451 1836 545 1910 liaeo
560 1857 669 1909 suum
689 1855 838 1908 cursum
857 1855 1038 1933 peragens
1066 1833 1222 1909 caeteris
1240 1831 1423 1910 manenti·

299 1968 369 2044 bus
390 1970 586 2042 moveatur
605 1967 641 2038 et
656 1963 926 2039 convertatur?
945 1962 976 2038 si
991 1963 1140 2064 inquam
1151 1962 1210 2040 vel
1229 1985 1325 2039 unus
1344 1967 1424 2038 tau·

299 2097 379 2170 tum
396 2096 519 2169 motus
534 2090 714 2168 naturalis
729 2090 985 2193 possibilisque
1000 2092 1049 2168 sit
1067 2092 1166 2169 intra
1175 2091 1260 2181 alia,
1288 2090 1423 2168 velim-

299 2219 481 2321 possibilis
492 2219 722 2295 infinitorum
737 2219 837 2295 circa
851 2244 977 2296 ununr.
989 2221 1049 2296 An
1059 2243 1135 2296 non
1148 2215 1206 2323 (4)
1214 2217 1329 2321 igitur
1347 2217 1422 2305 hic,

301 2347 365 2448 qui
387 2347 492 2422 nobis
508 2345 656 2423 videtur
673 2346 814 2449 primus
829 2354 867 2424 et
884 2347 1118 2441 universalis,
1133 2346 1215 2423 aliis
1230 2344 1330 2422 idem
1342 2344 1424 2421 nul·

299 2470 357 2548 lus
378 2476 446 2566 est,
459 2473 523 2547 sed
543 2496 590 2548 ex
609 2473 899 2578 uniuscujusque
929 2475 1078 2578 proprio
1105 2479 1206 2551 astro
1225 2473 1289 2550 alii
1311 2477 1424 2576 atque

299 2598 362 2675 alii
390 2625 456 2702 per
475 2601 712 2679 innumerum
732 2604 955 2681 mundorum
973 2629 1039 2681 seu
1067 2601 1260 2680 stellarum
1286 2625 1422 2679 nume-

300 2750 384 2802 rum
407 2727 799 2835 appareant2(5)dum
813 2730 874 2808 vel
888 2730 958 2834 ipsi
972 2731 1080 2807 orbes
1107 2730 1208 2806 circa
1233 2728 1425 2831 proprium

301 2857 484 2949 centrum,
506 2859 547 2930 ut
565 2856 674 2935 tellus
690 2859 794 2951 hacc,
813 2861 1091 2949 convertantur,
1111 2855 1171 2932 vel
1199 2854 1297 2933 circa
1323 2854 1424 2933 aliud

301 2980 490 3057 conversis
509 2983 688 3078 medium,
698 2984 853 3061 diurnae
871 2984 966 3062 lueis
984 2989 1096 3087 atque
1113 2984 1352 3060 tenebrarum
1371 2980 1425 3058 vi-

302 3134 362 3186 ces
381 3116 668 3207 commutentur,
697 3119 740 3195 ut
767 3119 895 3217 aperte
921 3114 960 3191 in
986 3113 1076 3190 luna
1094 3116 1249 3214 apparet
1267 3111 1313 3188 ob
1341 3132 1424 3186 eam

303 3258 467 3329 causam,
487 3238 576 3338 quia
589 3239 695 3315 nobis
709 3239 907 3316 finitimum
925 3243 982 3316 est
1008 3243 1163 3316 astrum.
1183 3237 1315 3315 Nullus
1334 3260 1424 3337 ergo

302 3360 444 3463 primus
466 3368 588 3440 motus
607 3367 665 3441 est
682 3364 925 3466 generalitate
939 3364 1110 3465 quadam,
1125 3364 1156 3440 si
1171 3365 1281 3442 astris
1300 3361 1424 3439 omni-

302 3489 407 3568 busa
428 3492 580 3595 propria
598 3493 723 3570 anima
750 3493 907 3594 propriis
934 3492 1096 3569 motibus
1123 3491 1267 3569 moveri
1293 3514 1426 3568 conve·

301 3619 393 3697 niat.
412 3620 605 3723 Nusquam
636 3622 778 3723 primus
804 3627 862 3700 est
888 3630 1024 3716 motus,
1053 3627 1219 3724 tempore
1237 3625 1423 3716 caeteros,

343 3858 387 3938 (1)
400 3860 425 3920 Il
438 3863 515 3922 tosto
529 3861 566 3922 ed
579 3862 601 3922 il
615 3861 738 3922 Gtrorer
751 3863 863 3923 hanno:
876 3863 1058 3925 deserentes.

344 3957 389 4038 (2)
410 3958 434 4018 Il
454 3963 531 4020 testo
545 3960 598 4020 hs:
613 3963 703 4021 caius
713 3962 914 4040 phantasiam
922 3964 1049 4040 parret:
1060 3963 1099 4024 ho
1113 3965 1260 4025 accettata
1274 3962 1304 4023 la
1318 3981 1420 4025 corre·

309 4057 392 4119 aione
402 4057 450 4119 del
463 4058 594 4134 Gsrorer,
606 4061 661 4122 che
674 4061 768 4140 parmi
782 4061 832 4138 piu
847 4061 1044 4140 appropriata

347 4160 394 4240 (3)
407 4159 464 4222 Nel
478 4165 556 4222 tosto
570 4180 675 4223 manca
686 4161 933 4240 l'interrogativo.

347 4257 395 4342 (4)
408 4263 434 4323 11
447 4267 524 4324 testo
536 4263 576 4323 ha
585 4285 592 4323 :
602 4281 666 4324 on:
680 4263 702 4323 il
716 4262 839 4324 Gfrorer
849 4279 1005 4342 corregge:
1019 4279 1062 4324 an
1074 4281 1149 4326 non.

346 4362 390 4440 (5)
403 4362 651 4443 L’intorrogativo
664 4381 769 4427 manca
783 4363 832 4426 nel
845 4367 932 4439 tosto,
946 4383 963 4426 e
977 4366 1024 4426 nel
1040 4361 1174 4427 Gfrorar.
