3442 5108
764 336 945 396 -als-

296 517 448 576 meliorem
468 516 575 574 afferat
595 515 747 574 rationem.
781 516 879 582 Quare
901 522 987 574 extra
1012 515 1181 574 universum
1203 533 1260 573 non
1276 521 1321 576 est
1334 516 1427 591 locus,

297 635 439 714 spacium,
463 653 599 707 vacuum,
613 651 729 712 eorpus,
745 639 854 706 motus,
868 633 1007 710 tempus?
1030 633 1185 710 Responde
1206 637 1248 691 tu:
1271 634 1340 713 quia
1354 636 1427 695 haec

298 754 397 813 omnia
410 757 480 814 sunt
501 753 650 830 passiones
664 751 805 829 corporis,
821 751 869 810 vel
884 756 952 810 sunt
966 755 1065 829 partes
1076 750 1219 828 corporis,
1235 751 1282 810 vel
1297 754 1429 831 corporis

298 870 547 943 circumstantiae,
568 869 616 927 vel
630 869 694 946 ipsa
709 886 842 946 corpora;
863 869 987 945 ideoque
1002 869 1050 928 ubi
1065 871 1175 930 nullum
1191 874 1236 931 est
1249 888 1364 949 eorpus,
1386 873 1428 932 ibi

298 1006 429 1049 essenon
443 990 566 1065 possunt
588 987 648 1045 ullo
661 991 757 1065 pacto:
770 991 864 1047 totum
878 1006 949 1046 vero
960 1006 1076 1066 corpus,
1088 991 1164 1067 quod
1180 991 1228 1051 vel
1244 992 1369 1070 simplex
1380 999 1427 1053 est

298 1116 346 1175 vel
361 1114 567 1192 compositum,
585 1118 631 1174 est
644 1112 737 1173 ultimi
752 1113 825 1174 coeli
841 1113 996 1191 superficie
1010 1117 1294 1184 conclusquuare
1309 1120 1429 1178 conclu·

298 1241 383 1301 sumt
394 1239 471 1304 Quia
484 1242 548 1300 tota
564 1256 705 1316 corporea
720 1237 845 1298 materia
861 1241 906 1297 est
920 1236 999 1298 iutra
1021 1238 1115 1299 ultimi
1126 1310 1130 1318 .
1141 1240 1212 1300 coeli
1235 1241 1428 1319 superficiem.

298 1362 349 1433 nt,
363 1378 380 1419 o
394 1360 633 1436 philosophorum
656 1361 687 1417 et
700 1356 862 1433 logicorum
877 1357 1006 1417 omnium
1021 1357 1205 1436 coryphaee‚
1231 1359 1360 1436 nunquid
1372 1378 1429 1419 non

298 1476 352 1538 tibi
367 1475 564 1554 aequipollere
593 1475 733 1535 videntur
753 1477 966 1553 propositiones
987 1475 1076 1549 istae,
1095 1476 1198 1552 quibus
1219 1477 1335 1554 probas,
1356 1494 1428 1553 quas

298 1614 351 1674 pro
365 1595 518 1674 principio,
540 1596 670 1670 inquam,
683 1593 801 1672 accipis,
815 1594 857 1653 illi
872 1611 959 1670 qnam
971 1612 1024 1672 pro
1038 1593 1223 1654 conclusione
1242 1593 1346 1654 habesl
1357 1594 1429 1654 Con·

298 1713 390 1774 clusio
404 1717 450 1773 est
463 1713 535 1772 haec
546 1711 720 1787 colligenda:
736 1711 816 1788 Ergo
828 1707 1003 1771 Universum
1027 1715 1072 1771 est
1083 1711 1208 1771 finitum:
1223 1711 1270 1772 cui
1288 1716 1369 1774 certe
1383 1731 1429 1773 ae-

299 1835 470 1912 quipollent:
489 1833 635 1893 Ultimum
652 1833 780 1892 universi
795 1851 958 1892 convexum
974 1838 1029 1906 εει,
1051 1833 1228 1893 Universum
1241 1839 1286 1895 est
1300 1833 1345 1914 (l)
1369 1838 1430 1913 glo-

300 1953 415 2024 bosum,
431 1951 516 2028 cujus
531 1954 663 2010 centrum
678 1954 759 2010 tenet
773 1949 870 2023 tellus,
886 1949 1064 2010 Universum
1078 1951 1264 2010 circulariter
1280 1959 1428 2030 movetur,

299 2072 438 2134 Universi
453 2073 520 2133 fluis
534 2075 580 2131 εει
592 2074 690 2130 motus
712 2069 809 2129 diurni
820 2071 1018 2149 temporisque
1039 2070 1215 2148 subjectum,
1237 2072 1313 2134 Tota
1328 2093 1425 2136 rerum

299 2191 425 2254 materia
438 2197 483 2254 est
498 2193 591 2264 finita,
606 2188 857 2268 Totumspacium
879 2196 925 2251 est
945 2190 1082 2262 finitum,
1104 2191 1198 2250 Extra
1220 2192 1309 2254 istum
1331 2194 1426 2255 locum

300 2339 356 2380 uon
372 2323 419 2381 cst
432 2318 524 2386 locus,
540 2320 625 2376 extra
641 2315 719 2375 istud
735 2313 875 2391 temporis
886 2313 1049 2390 subjectum
1064 2331 1121 2372 nou
1132 2319 1178 2374 est
1190 2315 1279 2375 aliud.
1295 2316 1341 2375 Ita
1354 2335 1430 2375 sem·

299 2456 353 2515 per
373 2438 476 2497 haeres
500 2436 530 2494 in
553 2432 712 2511 principio,
727 2450 819 2509 eaque
834 2429 969 2503 assumis,
984 2448 1060 2507 quae
1081 2434 1227 2512 cumipse
1244 2434 1428 2495 conclusione

300 2556 524 2633 aequivalenter
545 2552 664 2613 omnino
686 2551 814 2612 refutata
835 2557 923 2624 sunt,
944 2552 1075 2628 quinimo
1096 2558 1166 2614 suut
1187 2555 1251 2631 ipsa
1265 2556 1427 2630 conclusi03

300 2679 516 2756 suntinqnam,
528 2695 603 2754 quae
618 2676 710 2736 nihilo
724 2680 843 2754 praeter
857 2694 945 2751 quam
961 2695 1061 2737 vocea
1076 2680 1262 2740 conclusione
1281 2681 1427 2756 differant,

300 2820 388 2882 penes
403 2820 453 2861 eos
475 2801 523 2878 qui
545 2803 663 2877 praeter
683 2799 800 2859 auditus
821 2816 947 2874 sensum,
962 2800 1049 2860 etiam
1065 2801 1189 2880 alicujus
1213 2803 1427 2882 intelligentiae

300 2930 369 2986 sunt
384 2924 552 3003 participes.

340 3043 437 3116 Nunc,
449 3042 473 3102 si
489 3042 597 3113 lubeat,
605 3059 713 3117 quaere
728 3059 746 3100 a
760 3059 815 3101 me:
831 3041 879 3100 ubi
891 3046 937 3101 est
950 3041 1040 3114 locus,
1051 3042 1191 3119 spacium,
1201 3061 1336 3120 vacuum,
1350 3050 1429 3106 tem·

300 3181 364 3241 pus,
379 3179 485 3239 corpus
498 3161 511 3219 t
526 3160 558 3219 ln
574 3159 728 3219 Universa.
744 3158 804 3218 Ubi
818 3162 865 3218 est
879 3159 1083 3219 Universuml
1098 3160 1126 3220 ln
1142 3162 1220 3221 omni
1236 3163 1310 3237 loco,
1326 3167 1427 3243 spacio

300 3287 441 3359 tempore,
463 3297 593 3357 corpore.
616 3281 710 3341 Extra
732 3280 900 3341 universum
921 3286 965 3341 est
985 3283 1117 3359 aliquid?
1140 3286 1271 3348 Minime.
1300 3287 1428 3352 Quare?

300 3406 376 3474 Quia
386 3422 480 3485 neque
495 3405 584 3478 locus,
599 3423 692 3482 neque
705 3405 845 3483 spacium,
860 3423 953 3481 noque
967 3411 1074 3478 motus,
1088 3424 1182 3484 neque
1195 3426 1312 3487 corpus.
1328 3409 1428 3476 Quare

301 3547 354 3589 uec
376 3528 507 3606 spacium
522 3530 576 3600 est,
593 3544 647 3586 nee
657 3526 780 3604 corpusl
794 3525 870 3590 Quia
884 3526 956 3585 haec
970 3528 1067 3587 omnia
1080 3528 1110 3587 iu
1124 3529 1273 3590 universo.
1289 3530 1349 3592 Cur
1370 3552 1426 3593 non

303 3651 334 3707 ει
348 3650 436 3706 extra
451 3646 621 3705 universum
635 3643 647 3701 l
662 3643 737 3709 Quia
752 3646 824 3705 nihil
846 3651 892 3705 est
912 3650 1007 3705 cntra.
1029 3646 1089 3706 Cur
1109 3648 1163 3707 idt
1183 3649 1260 3716 Quia
1279 3651 1426 3712 infinitum

301 3774 359 3830 est.
373 3769 471 3834 Quare
487 3769 638 3830 infinitum
655 3769 755 3836 tQuia
771 3787 826 3829 non
841 3774 886 3830 εει
900 3770 976 3842 finis,
989 3789 1075 3847 quom
1093 3772 1138 3831 vel
1153 3774 1247 3850 possis
1263 3777 1429 3851 ostendere,

301 3899 456 3970 postquam
478 3894 559 3953 aliud
584 3894 621 3954 ad
643 3894 724 3955 aliud
746 3910 863 3972 sempor
883 3892 970 3965 finiri,
992 3911 1095 3953 sensus
1115 3897 1145 3953 et
1166 3898 1284 3953 nostrae
1298 3896 1428 3958 rationes

302 4013 524 4088 confirmarunt3
539 4018 693 4092 postquam
708 4015 834 4074 activam
850 4011 1288 4092 passivamque‚'concupitivam
1303 4019 1429 4097 expleti-

303 4152 431 4211 vamque
446 4136 618 4212 potentium,
630 4137 692 4197 sine
706 4137 831 4197 termino
846 4137 1010 4197 necessario
1025 4155 1089 4198 esse
1105 4145 1287 4216 compertum
1300 4149 1355 4203 est.
1371 4143 1428 4203 Ubi

302 4257 356 4319 tibi
368 4258 430 4317 sine
443 4277 532 4319 causa
547 4260 624 4319 lleus
646 4259 777 4319 infinitae
792 4259 913 4318 virtutis
935 4260 1037 4320 volens
1056 4263 1087 4318 et
1108 4259 1236 4321 efficiens
1257 4266 1303 4322 est
1316 4262 1429 4337 finitus,

304 4364 338 4419 ut
351 4365 397 4418 cst
410 4376 499 4436 agere
518 4367 620 4438 potens
635 4360 712 4437 quod
728 4378 875 4438 nunquam
889 4366 959 4436 aget
972 4379 1064 4438 neque
1077 4361 1203 4434 volet‚et
1216 4368 1431 4441 consequenter

332 4543 364 4602 (1)
373 4543 390 4589 a
399 4549 457 4588 tenu
466 4543 504 4600 ha3
514 4555 544 4595 ec.
