3442 5108
693 351 865 411 -343-

226 495 452 583 Exiguumque
475 501 560 565 esset
584 518 700 586 corpus
722 500 806 586 quod
830 517 967 585 corpore
989 496 1085 564 lunae

227 629 361 694 Lumine
384 627 521 708 deficiat,
545 631 672 715 quoties
694 632 793 696 solem
815 633 901 697 inter
922 630 956 694 et
978 628 1065 694 illam

226 754 389 833 Ponitur3
413 755 541 840 eclipsis
564 761 670 823 terrae
694 761 744 824 est
767 758 948 834 lunaribus,
970 754 1026 824 illo

226 890 384 976 Tempore
407 909 471 974 quo
494 890 571 956 solis
599 891 706 957 telluri
729 890 854 977 eclipsis
878 890 1037 959 habetur:

227 1021 392 1087 Consimili
415 1020 510 1086 lunae
535 1021 639 1105 specie
662 1019 819 1104 tellusque
841 1018 980 1105 refulget

226 1148 333 1234 Spicle
357 1147 560 1223 reflectendo,
584 1148 688 1214 vitreo
711 1146 751 1212 de
773 1165 908 1232 corpore
931 1147 1020 1232 ponti

227 1270 415 1357 Oppositum
440 1270 481 1337 ad
504 1274 631 1355 partem
655 1276 836 1356 conspecto,
860 1269 909 1357 (1)
934 1290 953 1334 a
976 1269 1044 1335 sole
1067 1273 1214 1354 recepta,

226 1403 271 1469 Ut
293 1406 419 1486 quoque
441 1406 600 1468 nocturno
625 1399 732 1466 telluri
755 1400 832 1465 luna
856 1399 978 1465 favore.

226 1533 315 1617 Ergo
340 1530 424 1615 qnod
447 1536 480 1597 et
504 1534 596 1597 tanto
619 1534 744 1615 spectus
767 1530 801 1593 in
825 1548 960 1613 corpore
983 1546 1129 1613 opacum,

230 1660 280 1724 Ne
305 1659 418 1725 credas
442 1659 537 1738 uliud,
562 1679 657 1745 quam
682 1658 767 1745 quod
791 1658 915 1755 telluris
938 1678 1074 1744 opacum
1097 1661 1167 1735 est3

227 1784 385 1868 Quodque
409 1786 442 1849 iu
466 1805 505 1850 ea
527 1785 602 1850 solis
625 1790 752 1853 tantum
776 1785 982 1873 objectamine
1005 1784 1118 1871 fulget,

228 1917 279 1981 Ne
303 1922 431 2001 reputes
454 1914 553 1992 aliud,
578 1916 674 1981 vitrei
699 1935 795 1998 quam
818 1915 962 2000 corporis
984 1921 1103 1990 actum,

229 2051 333 2126 Quale
356 2049 404 2137 (2)
430 2052 526 2116 etiarn
551 2049 663 2115 oceani
686 2047 782 2114 tellus
806 2047 845 2112 de
867 2046 1012 2132 partibus
1036 2043 1112 2108 illud

227 2184 393 2260 Restituit,
418 2183 468 2269 (3)
492 2185 661 2267 specimen,
686 2185 810 2268 quoties
832 2183 931 2249 solem
955 2203 1080 2267 quoque
1104 2186 1195 2266 tergo

227 2314 321 2379 Luna
345 2313 398 2379 vel
422 2335 440 2379 e
464 2314 602 2379 laterum
625 2315 771 2399 concepit
794 2313 949 2399 partibus,
973 2315 1010 2377 ut
1032 2312 1075 2378 sit

225 2441 321 2507 Nunc
345 2441 442 2506 tellus
465 2441 558 2527 pleno
582 2442 751 2528 splendens
775 2443 960 2528 spectabilis
984 2443 1072 2520 orbe,

211 2568 321 2647 ‚Nunc
345 2590 411 2635 une
434 2590 477 2635 ex
500 2575 602 2655 parte,
627 2590 670 2636 ex
695 2571 810 2645 aliave,
837 2572 869 2635 in
893 2590 1016 2637 cornua
1039 2574 1165 2659 surgat,

226 2701 322 2768 Nunc
345 2703 404 2769 soli
428 2704 602 2791 conjuncta
625 2706 695 2780 siet,
721 2709 897 2789 contraque
920 2705 1076 2791 reposta?

225 2833 319 2897 Illinc
344 2833 490 2900 tellurem
515 2837 562 2901 sic
585 2838 670 2904 circe
694 2859 806 2904 errare
829 2839 956 2906 videres

225 2958 269 3024 Et
293 2961 423 3026 variare
447 2963 535 3028 vices
559 2982 630 3029 cum
656 2964 746 3042 sole,
771 2969 808 3033 ut
831 2968 936 3032 cernis
960 2966 999 3032 ab
1024 2968 1086 3034 isto

227 3084 390 3151 :iethereo
415 3086 513 3153 solem
538 3094 667 3174 puncto,
691 3098 723 3160 et
748 3096 879 3161 variare
903 3096 1050 3162 Dianam.

227 3210 300 3276 lam
324 3232 448 3298 quoque
471 3214 545 3280 dum
570 3216 665 3283 tellus
682 3223 811 3287 tautum
834 3224 1008 3307 perinane
1032 3229 1185 3311 vagatur,

226 3342 302 3407 Non
326 3342 419 3410 facile
443 3353 608 3433 aspectum
631 3349 743 3415 credas
767 3355 897 3419 variare
921 3355 1076 3421 micantes

226 3470 278 3536 Ad
303 3471 424 3551 stellas
449 3475 533 3542 miro
556 3497 638 3560 quoe
661 3477 784 3547 distant
807 3482 996 3548 intervallo:

231 3596 315 3662 Nam
338 3608 461 3683 quanto
484 3624 505 3667 e
528 3613 640 3671 centro
664 3609 738 3693 gyri
764 3628 802 3674 uc
825 3610 893 3676 sole
916 3610 1035 3695 abstat,
1060 3612 1199 3680 habetur

227 3721 400 3809 Exiguum,
426 3732 463 3794 ut
486 3731 578 3796 tanto
602 3729 660 3797 fiat
684 3734 825 3801 vicinior
847 3737 917 3816 illis,

227 3854 331 3930 Quam
356 3878 483 3944 quoque
506 3881 564 3947 per
586 3864 721 3931 multum
746 3869 843 3936 moles
866 3871 1027 3939 mutabilis
1049 3879 1172 3944 exstet:

208 4128 240 4181 (l)
256 4130 341 4178 Qucum
352 4132 440 4185 sirpoln
450 4146 463 4177 e
473 4133 495 4177 tn
505 4136 640 4191 precedente
649 4150 759 4185 mancuuo
769 4141 805 4185 uel
815 4148 881 4187 tosto.

207 4222 239 4275 (Ω)
255 4222 271 4265 ll
283 4230 341 4267 reme
350 4222 387 4268 bn:
399 4228 473 4279 pinli.

209 4311 240 4365 (3)
255 4314 340 4362 Questn
354 4315 464 4369 surgons
475 4318 497 4362 ln
505 4328 615 4375 sepriense
625 4334 735 4369 munerun
744 4326 781 4370 uel
789 4333 854 4373 testo.
