3442 5108
875 327 1058 386 -328-

424 520 507 578 certa
520 513 854 594 analogia,comprensio
869 530 955 575 arcus
969 531 1061 590 usque
1071 514 1108 574 ad
1119 511 1252 590 paralleli
1267 510 1404 572 diametri
1411 511 1548 573 cardines

426 637 482 697 Eli
492 635 661 695 concrescit.
676 635 709 692 ln
724 652 784 710 qua
797 630 954 692 distantiae
968 631 1142 704 differentia,
1152 631 1200 690 vei
1215 630 1341 705 circiter,
1348 629 1500 691 constituti
1507 629 1549 690 vi·

425 755 558 815 daremus
585 754 734 813 Tellurem
756 751 859 812 iisdem
880 749 999 810 omuino
1019 749 1216 809 accidentibus
1236 749 1429 827 perspicuam,
1445 750 1548 826 quibus

426 871 493 932 hinc
508 870 643 930 videmus
663 869 774 928 lunam.
789 867 894 945 Neque
915 867 992 927 euim
1007 866 1092 926 aliter
1106 864 1234 925 Telluris
1255 864 1359 925 affecta
1373 884 1437 926 esse
1452 870 1548 944 potest

427 986 595 1066 superficies
606 988 643 1046 ad
657 987 801 1063 objectum
812 985 930 1059 solis,ad
943 989 1094 1061 aspectum
1104 983 1250 1057 lunae,vel
1261 984 1336 1043 alius
1348 984 1548 1061 cujuscunque

426 1111 491 1183 loci,
512 1111 589 1170 unde
609 1111 647 1169 ab
662 1109 793 1188 opposito
808 1115 912 1172 contra
932 1111 1023 1171 solem
1044 1111 1107 1170 loco
1127 1110 1225 1189 imago
1238 1113 1290 1174 illa
1305 1111 1467 1173 reflectitur
1481 1131 1548 1191 spe·

426 1228 543 1288 cularis.
567 1228 673 1305 Neque
694 1230 771 1290 enim
799 1231 843 1289 ita
869 1229 967 1289 omnia
980 1231 1129 1290 situantur
1148 1238 1239 1305 astra,
1260 1235 1294 1291 ut
1315 1231 1428 1309 possint
1452 1229 1546 1288 unde·

426 1369 540 1428 cunque
565 1350 670 1425 videri,
683 1357 802 1429 praeter
816 1353 900 1427 soles,
922 1373 1025 1432 nempe
1039 1374 1114 1433 quac
1127 1356 1188 1415 fixa
1203 1356 1426 1433 sunt-ltaque
1437 1358 1546 1441 quanto

426 1469 551 1547 angulus
573 1469 694 1530 visualis
706 1470 872 1532 minoratur
892 1491 930 1532 ex
950 1490 1009 1531 una
1029 1477 1115 1550 parte
1135 1473 1275 1551 amplius3
1300 1476 1383 1534 tanto
1401 1473 1496 1551 major
1516 1472 1547 1531 in

427 1607 497 1649 arcu
519 1589 752 1666 hemisphaerieo
779 1608 866 1649 arcus
887 1582 1152 1669 comprehenditur,
1172 1595 1202 1651 et
1222 1591 1342 1651 horizon
1357 1593 1439 1650 tanto
1454 1591 1549 1650 minor

427 1712 523 1790 magis
548 1714 703 1791 magisque
725 1714 866 1774 redditur:
887 1714 1017 1787 horizon,
1037 1694 1164 1790 inquam,
1185 1712 1209 1773 si
1233 1713 1277 1772 ita
1290 1712 1378 1772 liceat
1392 1729 1497 1770 nomen
1512 1710 1549 1771 il·

426 1834 483 1893 lius
503 1851 710 1911 perseverare,
731 1837 780 1912 qui
808 1853 846 1896 ex
866 1839 1005 1895 consueto
1025 1840 1055 1895 et
1074 1836 1194 1914 proprio
1214 1834 1378 1912 significato
1403 1853 1498 1907 unus,
1518 1838 1549 1895 et

429 1952 516 2011 unius
537 1956 582 2013 est
602 1955 774 2015 conditionis
797 1958 885 2030 atque
907 1972 1069 2014 mensurae.
1090 1953 1156 2013 Non
1177 1953 1272 2013 solum
1294 1970 1364 2029 ergo
1384 1951 1507 2012 sublatis
1530 1969 1549 2010 a

428 2069 556 2145 Tellure,
571 2089 657 2132 arcus
678 2073 896 2151 comprehensio
917 2073 969 2161 illa
989 2073 1149 2146 adolescit,
1172 2088 1277 2132 rerum
1298 2076 1327 2132 et
1347 2071 1426 2132 illius
1449 2071 1462 2147 (
1473 2089 1549 2148 quae

429 2192 495 2249 erat
514 2189 642 2271 occulta)
656 2190 730 2250 lucis
750 2190 860 2269 species
882 2192 1071 2265 exsuscitem,
1093 2189 1201 2268 duplici
1222 2188 1367 2265 demergit
1380 2187 1504 2262 ratione,
1517 2191 1549 2248 et

427 2314 483 2372 hac
499 2329 557 2387 qua
571 2296 609 2372 ad
623 2314 794 2374 ulteriorem
808 2312 886 2376 basis
901 2314 1003 2374 oculus
1018 2312 1150 2390 procedit
1163 2309 1434 2390 apprehensionem,
1448 2313 1478 2370 et
1492 2311 1548 2369 hac

428 2450 485 2508 qua
504 2436 541 2494 ad
562 2434 774 2513 oppositionem
794 2437 889 2514 magis
911 2441 999 2512 atque
1020 2435 1114 2510 magis
1134 2433 1318 2511 specularem
1339 2431 1469 2509 adpellit.
1490 2431 1548 2498 Qui

428 2550 506 2610 enim
519 2551 549 2610 iu
563 2553 626 2630 ipso
639 2555 757 2630 speculo
771 2555 914 2629 consistit,
928 2574 984 2614 non
997 2555 1079 2614 videt
1092 2553 1234 2632 imagines
1249 2572 1323 2630 quae
1338 2571 1356 2612 a
1369 2552 1487 2630 speculo
1499 2570 1548 2611 re·

429 2671 596 2749 flectuntur,
617 2679 667 2737 sed
682 2678 720 2737 ad
735 2680 898 2757 oppositum
913 2685 943 2739 ct
957 2680 1070 2739 eminus
1085 2679 1267 2738 convenienti
1282 2677 1423 2737 distantia
1436 2676 1549 2735 consii-

428 2797 520 2856 tutus.
530 2798 597 2859 Lux
608 2801 725 2878 etenim,
735 2823 792 2881 qua
803 2807 839 2865 ad
852 2806 942 2866 solem
954 2807 1105 2883 splendent
1116 2824 1217 2883 aquae,
1226 2806 1421 2866 existentibus
1432 2805 1461 2862 in
1472 2821 1551 2882 aqua

429 2932 485 2974 non
500 2921 545 2978 est
558 2919 682 2982 visibilis
695 2946 702 2982 :
716 2929 746 2985 et
759 2927 857 2986 radios
870 2931 901 2988 et
915 2928 1034 2987 semitas
1050 2945 1150 2986 versus
1172 2926 1272 2985 lunam
1293 2930 1381 3001 atque
1401 2926 1493 2985 solem
1518 2925 1550 2984 in

430 3035 515 3095 undis
536 3040 735 3116 speculantur,
750 3049 780 3104 et
800 3062 925 3122 eaquae
941 3046 977 3105 ad
992 3046 1072 3104 illam
1087 3050 1201 3123 partem
1216 3046 1378 3105 consistunt
1402 3044 1459 3103 illis
1481 3048 1551 3104 sunt

431 3156 560 3218 visibilia
575 3163 703 3224 :altiora
717 3185 788 3226 vero
803 3169 968 3227 tenentibus
983 3171 1077 3226 totum
1092 3165 1257 3244 resplendet
1270 3183 1406 3224 mare-
1415 3165 1462 3223 Sic
1476 3182 1549 3239 ergo

432 3274 550 3337 horizon
565 3281 692 3344 Telluris
713 3289 859 3348 recedenti
874 3289 910 3348 ad
926 3289 1040 3348 Lunam
1055 3306 1162 3364 usque,
1177 3292 1316 3348 tenuatus
1331 3287 1388 3348 erit
1401 3287 1432 3346 in
1447 3285 1549 3346 Lunae

432 3395 575 3472 speciem,
595 3404 625 3459 et
643 3402 744 3464 Lunae
764 3407 874 3482 species
895 3406 1019 3466 adaucta
1039 3406 1068 3464 in
1089 3406 1214 3464 sormam
1229 3405 1361 3477 eandem,
1377 3423 1435 3481 qua
1449 3404 1552 3463 Tellus

434 3530 500 3573 cum
511 3534 564 3576 suo
575 3520 640 3580 heic
653 3525 797 3585 sensibilis
811 3531 856 3586 est
869 3526 1126 3591 horizonteQuarc
1138 3532 1168 3586 et
1181 3527 1222 3586 sic
1235 3526 1322 3586 tellus
1337 3528 1422 3586 lunae
1434 3532 1479 3587 est
1489 3548 1553 3589 coe·

433 3631 493 3695 lum
514 3645 545 3699 et
559 3646 688 3718 astrum,
707 3650 950 3723 quemadmodum
968 3650 1065 3710 telluri
1083 3652 1163 3710 luna.
1182 3652 1323 3728 Deinceps
1342 3652 1504 3712 videbimus
1519 3658 1552 3712 ut

433 3760 464 3816 et
477 3761 565 3822 tellus
580 3769 610 3825 et
625 3766 695 3828 luna
705 3773 849 3833 mercurio
862 3779 892 3835 et
906 3775 1005 3834 veneri
1018 3775 1178 3834 mercurius
1189 3774 1247 3833 sint
1262 3778 1353 3851 atque
1369 3793 1473 3847 venus,
1485 3792 1553 3853 par-

435 3888 492 3935 vae
502 3880 565 3938 toto
579 3881 708 3946 lucentes
719 3906 840 3968 corpore
852 3891 1069 3952 stellae-Hoc
1084 3892 1132 3950 uhi
1154 3890 1280 3969 primum
1301 3896 1400 3952 mente
1421 3911 1554 3971 compre·

434 3993 575 4095 henderis
590 4008 623 4064 ut
632 4005 733 4066 telluri
745 4013 814 4071 suut
826 4009 937 4070 similes
955 4009 1082 4086 undique
1101 4011 1212 4085 mundi,
1226 4016 1257 4073 et
1271 4012 1375 4071 horum
1389 4012 1467 4071 circa
1481 4031 1555 4072 eun-

435 4119 502 4181 dem
516 4124 593 4186 hunc
606 4128 964 4210 ignem(nempesolem)
985 4131 1110 4191 latentes
1120 4131 1255 4208 plurimi,
1274 4149 1400 4208 quorum
1419 4134 1554 4193 nonnulli

436 4241 574 4306 videntur
587 4247 751 4330 aliquando:
763 4272 838 4331 quae
849 4251 925 4313 ratio
936 4257 982 4313 est
996 4251 1147 4327 (inquies)
1169 4257 1202 4313 ut
1223 4254 1318 4330 potius
1334 4255 1405 4313 haec
1417 4257 1554 4318 innume·

435 4366 572 4430 rabilium
599 4375 773 4437 mundorum
800 4392 924 4454 corpora
949 4390 984 4433 ea
1011 4372 1191 4434 successione
1207 4392 1315 4452 gyrum
1338 4376 1554 4454 rapidissimum
