3442 5108
870 291 1029 354 -52..

389 480 568 558 briotate:
589 478 856 582 Duplicitatem
876 478 999 556 cordis
1019 479 1178 556 veritate
1198 480 1310 581 atque
1325 477 1518 558 sincerita-

390 611 448 683 te:
468 606 733 708 Rapacitatenr
760 610 872 709 atque
901 607 1096 683 saevitiam
1115 605 1313 683 mitissimo
1332 608 1516 685 tractabi-

386 732 602 833 lissimoque
640 732 812 833 ingenio:
844 732 1154 833 Superstitionem
1191 736 1230 809 et
1265 731 1517 813 Idololatriam

386 858 568 959 religiono
586 863 699 959 atque
718 857 878 959 pietate:
898 858 1044 935 Mutam
1063 857 1315 960 ignorantiam
1334 859 1518 962 sapientia

386 990 499 1087 atque
527 983 709 1060 doctrina:
727 983 1016 1060 immoderatam
1044 983 1386 1084 concupiscentiam
1406 985 1517 1061 modo

385 1112 424 1189 in
444 1109 637 1188 affectibus
657 1109 926 1211 temperandis:
946 1110 1091 1186 Rerum
1111 1109 1414 1211 dilapidationem
1433 1136 1518 1212 par-

387 1237 547 1313 simonia
566 1241 604 1314 et
623 1235 859 1338 frugalitate:
880 1234 1118 1336 Superfiuam
1137 1235 1381 1312 ambitionem
1402 1241 1518 1340 atque

388 1362 638 1464 tyrannidem,
668 1362 812 1464 patriae
839 1363 1080 1464 paternitate.

441 1488 473 1566 Ο
502 1488 647 1565 felicem
676 1513 792 1589 erge,
822 1513 843 1564 o
872 1495 1003 1591 terque
1041 1492 1248 1589 quaterque
1285 1492 1391 1565 tanto
1426 1489 1515 1567 fun·

387 1614 517 1691 datore
544 1615 644 1691 Julio
672 1617 820 1690 beatam
848 1614 988 1691 duliam
1007 1614 1263 1690 Academiam.
1287 1615 1394 1709 Vive,
1415 1641 1519 1718 egre·

388 1742 488 1834 dere,
516 1743 624 1831 vade,
653 1740 795 1834 incede,
815 1741 989 1830 consiste,
1009 1741 1096 1817 sede
1125 1741 1395 1841 gloriosissima
1418 1743 1518 1819 inter

388 1894 517 1947 omnes
549 1869 678 1946 mundi
706 1868 930 1944 academias,
959 1867 1266 1967 Angustissima,
1296 1867 1514 1944 illustrissi-

387 2021 471 2084 ma,
500 1995 707 2071 celsissima
735 1995 938 2096 Princeps,
968 1993 1144 2097 principis
1172 1994 1270 2088 filia,
1299 1996 1513 2098 principum

387 2146 506 2214 soror,
534 2126 572 2196 et
598 2146 712 2223 quam
738 2120 851 2222 longo
880 2119 1007 2196 ordino
1035 2119 1377 2198 illustrissimorum
1405 2148 1515 2224 nepo·

387 2251 469 2323 tum
497 2251 625 2323 manet
644 2246 865 2347 catlralogus
894 2245 1159 2345 amplissimus.
1185 2245 1307 2329 Quam
1335 2273 1517 2354 generoso
1562 2323 1566 2328 .

388 2379 482 2466 orta,
510 2399 623 2474 quam
651 2371 850 2474 magnifice
878 2374 1049 2464 educata,
1078 2398 1191 2474 quarn
1211 2374 1272 2476 glo
1282 2374 1378 2452 riose
1397 2375 1517 2453 adole·
1608 2440 1610 2444 .

387 2498 472 2575 scio.
502 2498 612 2591 Vive,
642 2502 679 2575 et
705 2522 773 2600 pro
802 2498 873 2574 hoc
902 2497 1047 2574 funebri
1077 2499 1219 2594 habitu,
1241 2526 1354 2602 quem
1373 2505 1416 2577 ut
1435 2526 1518 2605 por-

388 2626 488 2699 tares
516 2622 630 2723 digna
658 2621 790 2700 allecta
818 2649 870 2716 ea,
890 2648 957 2725 pro
986 2622 1163 2724 lacrymis
1193 2623 1306 2718 hisce,
1326 2650 1418 2727 quas
1446 2626 1515 2702 sub

388 2748 498 2824 titulo
526 2747 623 2824 filiae
651 2747 805 2825 fundere
833 2747 1026 2842 meruisti,
1055 2749 1177 2850 gaude
1206 2748 1340 2825 etiam:
1370 2749 1409 2825 in
1437 2749 1517 2852 ipso

388 2873 541 2975 inquam
568 2873 673 2950 luctu
701 2873 874 2976 gloriare,
903 2873 991 2976 quia
1010 2873 1200 2976 digniores
1221 2899 1288 2976 pro
1308 2875 1420 2952 simili
1438 2879 1519 2953 tan-

388 3003 502 3100 toque
530 2999 674 3100 objecto
703 3000 895 3076 academia
920 3000 1025 3076 nulla
1054 2999 1161 3092 ludit,
1190 3000 1251 3077 vel
1280 3000 1410 3078 fundet
1438 3026 1514 3078 un-

388 3150 512 3228 quam.
540 3126 732 3202 Fundator
759 3132 860 3214 tuuS,
888 3127 1061 3228 princeps
1089 3133 1190 3219 tuus,
1221 3127 1394 3204 dominus
1414 3132 1515 3222 tuuS,

388 3271 523 3350 parens
553 3252 642 3324 tuus
670 3253 772 3324 tenet
799 3249 960 3343 coelum,
990 3248 1035 3325 de
1065 3249 1168 3326 coelo
1188 3255 1225 3325 te
1244 3250 1408 3351 respicit.
1428 3249 1517 3327 Inde

388 3372 456 3449 tibi
483 3372 615 3450 aderit.
636 3374 688 3449 lbi
716 3375 795 3451 Deo
815 3373 967 3475 Optimo
987 3373 1154 3450 Maximo
1175 3374 1272 3451 votis
1293 3375 1427 3453 oblatis
1446 3374 1520 3480 (ut-

388 3500 474 3599 pote
503 3497 555 3574 illi
585 3496 839 3601 gratissimus)
867 3497 1043 3601 quidquid
1064 3523 1130 3599 pro
1159 3502 1196 3574 te
1224 3498 1325 3575 volet
1347 3499 1519 3601 impetra-

388 3623 443 3699 bit
479 3624 563 3715 ille,
591 3624 719 3726 quiin
748 3625 893 3703 meliori
920 3629 1026 3703 statu
1054 3649 1129 3701 non
1158 3629 1214 3701 est
1244 3625 1447 3704 verisimile
1479 3633 1519 3704 ut

281 3776 284 3783 ⁴
390 3752 457 3829 tibi
484 3752 604 3855 possit
633 3778 713 3830 esse
742 3753 915 3830 deterior.

904 4003 1004 4080 Dum.
