3442 5108
921 337 1093 397 -360-

413 503 491 546 nunc
502 483 598 561 magis
612 484 766 562 appropiet
775 501 880 545 versus
894 484 1073 560 tropicumit
1087 483 1137 561 qui
1152 481 1274 561 respicit
1284 483 1382 561 polum
1397 480 1540 543 antarcti-

414 626 491 681 cum,
506 626 582 667 nunc
596 625 667 667 vero
682 624 787 668 versus
803 606 830 664 G
849 606 898 684 qui
912 608 1029 666 constat
1044 622 1146 666 versus
1160 604 1319 666 arcticum:
1339 605 1409 664 dum
1423 605 1542 664 interea

412 726 522 787 circum
537 726 629 786 solem
643 745 773 787 annuum
785 729 854 789 terit
868 727 934 789 iter.

454 849 525 908 Cum
536 848 640 926 junior
652 865 746 909 essem
760 866 813 926 pro
827 849 1066 926 supputationum
1081 849 1287 909 commoditate
1298 846 1449 920 maxima,
1467 865 1540 906 con-

415 970 487 1030 cessi
502 970 672 1029 eontinuum
687 973 799 1030 motum
819 971 872 1029 soli
886 970 965 1030 circa
978 971 1114 1030 tellurem
1128 969 1303 1029 circularem
1318 986 1407 1027 unum
1423 971 1453 1026 et
1470 986 1539 1044 per-

414 1084 524 1145 fectum
537 1104 555 1145 a
567 1104 623 1162 quo
638 1104 785 1163 nunquam
796 1086 944 1147 exorbitet
959 1104 1011 1164 per
1025 1087 1132 1147 lineam
1144 1086 1386 1163 aequinoctialem
1398 1081 1456 1159 AF,
1472 1103 1541 1144 cum

415 1220 471 1279 quo
488 1207 571 1263 motu
585 1209 793 1265 concurrerent
806 1222 907 1264 omnes
921 1206 1025 1266 stellae
1038 1207 1127 1280 fixae,
1141 1223 1265 1282 quarum
1283 1207 1345 1283 ipse
1360 1208 1405 1265 est
1418 1221 1494 1277 una,
1509 1212 1541 1264 et

413 1322 461 1380 hic
476 1327 554 1383 esset
567 1342 690 1384 annuus.
702 1324 896 1384 Tellurivero
910 1331 1042 1386 caeteros
1053 1343 1153 1385 omnes
1164 1328 1262 1385 motus
1271 1325 1542 1394 tribuebam,diur·

415 1462 483 1503 num
499 1442 616 1522 quidem
631 1465 784 1524 persuum
798 1449 938 1526 angulum
953 1465 1009 1524 quo
1024 1447 1052 1506 H
1070 1449 1210 1507 horarum
1236 1450 1362 1523 quatuor
1385 1449 1416 1505 et
1430 1445 1540 1522 viginti

416 1564 514 1640 spacio
530 1567 658 1626 vertitur
674 1567 753 1627 cirea
768 1567 809 1645 03
824 1587 955 1629 annuum
976 1587 1046 1631 vero
1062 1588 1119 1647 quo
1134 1580 1186 1647 pc'r
1201 1573 1312 1629 rectam
1333 1569 1442 1628 lineam
1465 1587 1539 1628 cen·

416 1686 494 1742 trum
507 1683 539 1758 C,
554 1702 630 1744 nuno
643 1704 748 1746 versus
762 1688 910 1764 tropicum
923 1689 947 1748 Ε
961 1690 998 1748 ad
1014 1687 1222 1761 antarcticum,
1237 1705 1313 1746 nunc
1328 1705 1431 1747 versus
1446 1689 1543 1747 arcti·

416 1802 519 1860 cumG
533 1808 689 1878 ageretur:
703 1805 751 1864 ubi
764 1807 861 1866 nullus
876 1812 922 1866 est
932 1825 1035 1868 sensus
1050 1808 1097 1867 vel
1112 1810 1188 1869 ratio
1202 1828 1279 1887 quae
1294 1806 1340 1890 (l)
1355 1814 1385 1870 to
1400 1808 1541 1870 sollicitet

416 1919 453 1976 ad
470 1920 641 1981 variandam
655 1927 802 1984 astrorum
818 1926 1050 2003 magnitudinem
1066 1946 1168 1988 versus
1180 1931 1256 1988 hunc
1269 1930 1370 2006 polum
1383 1931 1432 1989 vel
1445 1930 1539 1989 ilium:

417 2044 487 2118 quia
500 2062 634 2106 accessus
649 2046 704 2106 iste
718 2051 836 2108 nonest
856 2052 914 2123 (ut
925 2048 1036 2108 dictum
1051 2053 1096 2109 est
1110 2055 1220 2126 supra)
1247 2050 1319 2109 tanti
1336 2051 1475 2110 momenti
1493 2067 1542 2108 re-

418 2165 518 2236 spectu
533 2181 642 2224 eorum.
657 2165 757 2225 Motus
771 2165 822 2224 ille
834 2167 937 2227 deinde
958 2166 1007 2243 qui
1028 2169 1110 2244 polos
1132 2166 1203 2228 feeit
1224 2168 1375 2245 trepidare
1395 2176 1426 2228 et
1448 2187 1541 2244 auges

417 2290 583 2364 punctaque
597 2288 775 2361 solstitialia,
791 2292 821 2348 et
835 2289 1062 2365 aequinoctialia
1075 2291 1174 2349 variat
1187 2290 1401 2368 irregulariter,
1412 2294 1459 2350 est
1470 2308 1541 2367 pro·

419 2413 483 2486 pter
502 2414 711 2475 renovationes
731 2429 808 2487 quae
827 2410 936 2472 sensim
957 2411 1033 2470 dunt
1054 2410 1083 2470 in
1106 2411 1238 2489 partibus
1254 2416 1371 2483 terrae,
1392 2409 1463 2486 quia
1485 2428 1541 2467 non

418 2546 533 2606 semper
546 2548 619 2589 zona
633 2529 739 2608 frigida
752 2532 839 2593 debet
852 2549 917 2591 esse
931 2531 1058 2608 frigida,
1079 2534 1110 2591 et
1131 2532 1271 2592 aestualis
1293 2531 1345 2590 illa
1366 2532 1454 2593 debet
1474 2549 1541 2591 esse

419 2646 531 2721 eadem3
547 2647 598 2707 aed
612 2649 806 2710 necessarium
820 2654 875 2724 ost,
891 2669 991 2711 omnes
1007 2653 1044 2711 ab
1058 2652 1193 2711 omnibus
1208 2650 1362 2711 affectibus
1377 2651 1543 2726 interquie-

419 2783 501 2826 scere
516 2771 546 2827 et
559 2766 665 2827 feriare
680 2773 788 2846 partes,
802 2775 831 2831 et
845 2773 883 2831 ad
897 2789 998 2831 omncs
1012 2773 1060 2849 (ut
1071 2771 1196 2830 marium
1212 2787 1346 2829 accessus
1358 2773 1388 2829 et
1402 2785 1537 2828 recessus

420 2903 438 2944 a
459 2887 545 2948 terris
563 2888 686 2970 notant)
708 2897 919 2970 consequenter
939 2891 1105 2971 promoveri
1127 2889 1343 2966 dispositiones.
1365 2886 1543 2947 Varinbitur

421 3024 491 3084 ergo
505 3011 602 3069 terrae
616 3014 750 3069 centrum
770 3015 800 3071 et
815 3014 965 3088 respectus
986 3011 1023 3069 ad
1042 3011 1161 3087 polum,
1182 3010 1265 3087 eujus
1286 3012 1383 3069 motus
1405 3006 1542 3084 regulam

421 3129 599 3203 geometrice
613 3130 689 3189 velle
703 3133 902 3207 praescribere
917 3133 993 3191 malo
1008 3131 1134 3209 regulati
1148 3131 1256 3208 ingenii
1268 3135 1328 3190 est:
1343 3129 1393 3190 sed
1407 3130 1463 3188 hoc
1476 3136 1544 3188 ten·

421 3250 484 3306 tum
500 3252 675 3311 astronomis
690 3250 854 3311 faciendum
869 3256 981 3324 restat,
1003 3256 1036 3311 ut
1051 3252 1172 3312 notabili
1187 3252 1244 3328 poli
1260 3251 1340 3310 facte
1355 3250 1539 3321 mutatione,

423 3370 553 3432 rationes
567 3373 734 3432 tabularum
748 3391 867 3433 suarum
882 3377 1025 3433 renovent
1037 3377 1178 3448 tanquam
1193 3390 1249 3430 non
1264 3372 1294 3430 in
1309 3376 1471 3444 aeternum,
1491 3372 1545 3430 sed

423 3489 460 3551 ed
485 3491 632 3553 incertum
653 3495 731 3563 (non
744 3494 834 3552 breve
848 3491 976 3570 tamen)
997 3509 1088 3568 usque
1109 3491 1226 3568 aliquod
1240 3494 1358 3568 tempus
1373 3490 1545 3550 duraturas.

453 3697 667 3756 (nummum.
