3442 5108
866 289 1048 350 -150..

420 491 421 494 ’
451 479 555 556 Haec
583 479 707 557 onmia
720 479 774 555 ita
791 479 944 555 definita
962 478 1008 554 de
1026 482 1205 580 tempore,
1229 478 1292 555 ubi
1311 477 1433 579 ipsum
1448 502 1523 553 non

398 603 603 681 durationis
627 606 805 708 speciem,
822 606 886 682 sed
914 605 1033 707 ipsam
1060 604 1295 681 durationem
1313 604 1523 696 credimus3
1588 656 1590 664 ι

398 732 496 808 unde
514 737 659 835 tempus
679 736 901 833 perpetuum
929 731 1130 808 aeternitas
1159 733 1226 824 est,
1256 731 1403 807 finitum
1418 734 1522 807 aetas

399 861 467 948 est,
483 857 688 933 secundum
699 857 841 958 species
852 856 1152 934 innumerabiles.
1163 857 1203 934 Si
1218 857 1279 933 cui
1293 881 1381 933 vero
1398 856 1522 946 libeat,

399 989 547 1086 tempus
558 1009 625 1086 pro
645 985 836 1060 mobilium
852 983 1047 1060 duratione
1063 1007 1257 1084 usurpare,
1286 1007 1361 1058 non
1379 981 1522 1058 infitia-

397 1110 535 1202 bimur,
562 1110 762 1186 dummodo
790 1110 951 1201 interim,
980 1111 1051 1185 hoc
1078 1109 1205 1185 habito
1233 1133 1300 1210 pro
1328 1106 1521 1210 principio,

400 1259 475 1310 non
505 1235 727 1338 impediatur
746 1235 1094 1337 acontemplatione
1108 1233 1283 1336 plurium,
1300 1257 1394 1335 quae
1413 1232 1522 1308 modo

399 1360 759 1462 aliasquetetigimus
775 1366 812 1437 et
822 1361 1164 1438 determinavimus.
1176 1359 1297 1443 Quam
1307 1360 1400 1434 bene
1411 1357 1523 1435 etiam

398 1488 577 1588 temporis
589 1487 751 1589 cognitio
769 1488 888 1565 motui
903 1486 1057 1590 alligata
1076 1486 1135 1579 sit,
1156 1490 1193 1561 ct
1212 1510 1325 1588 quam
1352 1485 1521 1576 feliciter,

398 1611 483 1689 inde
512 1620 685 1691 constare
714 1620 855 1717 potest;
889 1615 950 1691 hic
984 1615 1082 1692 enim
1102 1610 1239 1690 sufficit
1274 1612 1391 1703 nobis,
1421 1635 1524 1686 mon-

399 1725 538 1814 strasse
579 1739 721 1816 locum:
756 1742 844 1842 quia
871 1746 1031 1843 tempus
1061 1741 1158 1843 quod
1187 1738 1352 1842 aequalis
1382 1741 1419 1814 et
1454 1761 1522 1812 ca·

398 1863 536 1940 tholica
562 1890 738 1942 mensura
765 1871 889 1943 motus
918 1872 986 1953 est,
1006 1890 1078 1942 non
1093 1870 1217 1968 potest
1243 1864 1351 1941 aliter
1369 1861 1522 1965 percipi,

398 1994 549 2096 lingum,
578 2019 689 2096 quam
717 1988 966 2098 permotum,
995 1995 1075 2071 sive
1093 1992 1314 2071 naturaliter
1342 1988 1521 2067 acircui-

399 2121 500 2198 tione
515 2123 613 2215 solia,
630 2122 687 2200 vel
706 2123 827 2218 lunae,
847 2124 907 2200 rel
926 2123 1079 2200 alterius
1099 2124 1202 2216 astri,
1233 2123 1312 2198 sive
1340 2118 1522 2197 artificia-

398 2247 483 2325 liter
510 2276 533 2329 a
560 2250 665 2327 fluxu
695 2278 837 2354 aquae,
867 2253 928 2328 vel
963 2253 1154 2356 pulverio,
1182 2252 1242 2328 vel
1279 2248 1523 2327 conversione

398 2381 635 2477 punctorum,
665 2371 708 2454 de
737 2379 869 2480 quibus
888 2380 1033 2455 nullum
1052 2404 1125 2455 non
1146 2377 1369 2455 sensibiliter
1384 2378 1429 2452 ab
1449 2375 1521 2451 alio

399 2509 438 2580 ct
466 2532 489 2580 a
517 2533 556 2582 se
586 2508 664 2608 ipso
693 2508 840 2584 uarium
877 2533 952 2584 non
990 2507 1230 2609 concipimus.
1260 2506 1309 2582 llt
1336 2528 1403 2606 pro
1431 2500 1522 2578 satis

400 2614 592 2735 comperto
621 2636 813 2724 habemus,
826 2661 1009 2738 nusquam
1038 2641 1162 2713 motus
1190 2632 1391 2737 quantitati
1418 2636 1456 2707 et
1484 2631 1523 2705 fi-

399 2784 514 2859 gurae
543 2763 768 2860 geometrice
796 2762 953 2864 aequali,
982 2762 1136 2864 physice
1155 2758 1347 2864 aequalem
1367 2760 1521 2847 motum,

398 2885 546 2973 molem,
567 2893 679 2991 atque
698 2891 858 2991 liguram
887 2890 1123 2991 respondere.

677 3159 806 3227 cruca
832 3157 1031 3236 QUINTUM
1056 3154 1234 3263 clauum.

847 3412 965 3466 nnTlc.
994 3414 1067 3464 XLI.

449 3635 635 3738 Quidquid
662 3636 698 3710 in
718 3635 845 3736 quinto
874 3636 988 3727 libr0‚
1022 3635 1083 3713 ubi
1112 3637 1157 3712 do
1184 3635 1365 3713 divisione
1393 3641 1517 3713 motus

395 3764 435 3839 in
462 3762 620 3863 specim,
649 3763 694 3838 de
731 3765 854 3837 motus
887 3762 1029 3839 unitate
1067 3765 1177 3863 atquc
1213 3760 1447 3861 pluralitate,
1477 3762 1522 3837 dc

396 3895 565 3967 motuum
592 3896 703 3992 atque
731 3889 898 3990 quietum
926 3888 1191 3965 contrarietate
1220 3887 1389 3980 habetur,
1409 3892 1517 3988 post-

395 4017 742 4120 praedicamentalc,
753 4017 988 4117 logicamque
1004 4020 1074 4103 est,
1089 4014 1243 4091 minime
1261 4013 1409 4116 quidem
1424 4013 1518 4115 phy-

395 4171 524 4223 sicum.
