3442 5108
797 303 937 366 -br-

300 489 421 568 riosae
438 488 613 583 insultus,
634 489 928 593 repugnaculum
947 488 1119 567 efficitur.
1138 489 1261 568 Datur
1278 489 1331 568 illi
1350 491 1422 570 cri·

300 621 399 694 stata
418 616 535 720 galea,
556 616 733 718 quianon
753 616 874 693 solum
893 616 1034 693 viribus
1054 619 1091 693 et
1109 619 1241 694 robore
1260 619 1315 694 uti
1334 642 1419 696 con·

304 743 420 836 venit,
440 744 504 819 sed
523 741 634 818 etiam
655 742 878 818 urbanitatis
893 748 932 819 et
945 742 1209 819 moderationis
1226 744 1421 844 cujusdam

301 868 340 945 in
359 870 469 946 rebus
488 867 660 944 omnibus
681 873 912 945 ornamento.
930 867 1075 945 Cassidi
1094 867 1205 945 huius
1232 868 1333 946 Deae
1348 869 1422 972 gal·

296 994 354 1070 lus
377 978 608 1098 gallinaceus
627 994 815 1094 adapertis
834 995 903 1071 alis
923 996 961 1070 in
980 998 1067 1070 actu
1091 1019 1170 1070 sese
1198 994 1421 1073 excutientis

296 1119 502 1213 insistebat,
522 1123 602 1195 tum
622 1119 708 1221 quia
727 1144 880 1221 pugnax
903 1119 950 1194 sit
971 1119 1143 1214 volucer,
1163 1125 1244 1196 turn
1263 1122 1351 1223 quia
1369 1123 1423 1199 ri·

299 1245 569 1346 gilantissimus
598 1252 675 1338 est,
695 1249 733 1321 et
760 1245 972 1322 futurorum
992 1245 1107 1322 veluti
1125 1247 1328 1349 praescius.
1350 1247 1422 1326 Cu·

298 1369 400 1472 spidc
424 1370 580 1474 insignis
600 1371 709 1447 hasta
727 1371 781 1447 illi
808 1370 995 1464 tribuitur,
1018 1372 1203 1473 quietum
1223 1373 1269 1449 ad
1288 1398 1423 1476 propu-

298 1493 501 1596 gnandum,
516 1499 597 1571 tum
625 1496 671 1571 ad
691 1494 993 1597 expugnandum,
1009 1500 1047 1570 et
1066 1496 1338 1592 debellandum,
1357 1497 1420 1574 in-

303 1623 402 1725 genii
435 1622 606 1699 acumine
639 1645 731 1724 opus
767 1623 851 1697 est:
893 1619 968 1696 tela
995 1621 1108 1722 hujus
1141 1627 1229 1699 sunt
1255 1624 1420 1702 rationes

300 1755 454 1843 acutae,
484 1748 664 1836 missiles,
707 1747 822 1839 citae,
855 1751 967 1849 atque
999 1747 1163 1824 animam
1195 1750 1420 1828 sauciantes.

299 1880 399 1954 Ante
435 1877 554 1979 ipsam
586 1873 765 1976 quosdam
798 1872 978 1949 adversus
1010 1873 1206 1977 insurgere
1242 1877 1422 1953 audentes

298 2004 391 2080 facie
403 2001 459 2108 (1)
470 2000 656 2103 Gorgonis
670 1998 994 2100 perterrefaciens
1009 2000 1048 2075 in
1062 1998 1202 2102 lapides
1222 2003 1421 2096 convert't,

299 2130 386 2232 quia
413 2130 504 2205 adeo
534 2126 775 2202 formidabilis
808 2131 843 2201 et
877 2125 1103 2202 admirabilis
1136 2129 1193 2202 est
1225 2125 1420 2229 sapientia,

299 2262 341 2331 ut
368 2282 458 2357 prae
482 2257 562 2356 ejus
582 2254 714 2329 timore
734 2259 771 2328 et
790 2252 1033 2329 admiratione
1053 2251 1221 2328 homines
1240 2253 1423 2331 haereant

302 2385 340 2459 et
374 2382 651 2482 obstupescant.
685 2377 789 2462 Quae
822 2381 879 2453 est
905 2377 977 2453 ista
1010 2400 1104 2479 quae
1132 2379 1297 2478 procedit
1316 2378 1424 2481 quasi

300 2531 438 2584 aurora
456 2528 684 2606 consurgens
696 2505 710 2579 ‘l
730 2503 887 2606 pulchra
906 2503 997 2579 adeo
1014 2503 1027 2577 l
1048 2502 1100 2578 sic
1120 2502 1262 2580 clectal
1282 2503 1335 2581 ita
1353 2509 1422 2580 ter·

299 2635 439 2711 ribilisl
459 2631 669 2734 Sapientia,
689 2630 838 2733 Sophia,
857 2629 1050 2722 Minerva,
1066 2627 1224 2730 pulchra
1242 2633 1284 2707 ut
1303 2631 1422 2724 Luna,

300 2761 420 2839 electa
447 2764 490 2836 ut
517 2759 593 2851 Sol,
621 2757 795 2836 terribilis
815 2761 857 2833 ut
876 2760 1086 2833 castrorum
1113 2755 1212 2833 acies
1240 2756 1421 2836 ordinata.

298 2886 407 2963 Luna
426 2890 577 2989 propter
605 2883 743 2959 claram
770 2885 1019 2975 venustatem,
1039 2879 1103 2959 Sol
1116 2884 1268 2986 propter
1286 2882 1423 2961 celsam

299 3014 561 3115 majestatem,
589 3016 712 3086 castra
738 3013 890 3112 propter
921 3007 1208 3084 invictissimam
1240 3006 1424 3086 fortitudi-

299 3164 398 3216 nem.
427 3137 570 3215 Solium
597 3137 711 3212 habet
737 3135 830 3213 solio
848 3135 954 3213 loris
972 3134 1184 3238 proximum
1201 3137 1315 3239 juxta
1332 3135 1424 3215 illud

303 3265 417 3343 Lirici
436 3265 601 3341 Poetae:

461 3525 664 3601 Procriiaos
682 3521 739 3598 illi
754 3531 878 3598 tomen
895 3525 1089 3625 occupavit

763 3648 896 3726 Pallas
915 3648 1087 3724 horrores

302 3904 351 3980 Et
370 3903 460 3979 illud
479 3901 694 4002 prophetae:
714 3899 796 3998 Ego
815 3897 996 3999 sapientia
1015 3896 1053 3972 in
1073 3893 1263 3973 altissimis
1282 3892 1424 3987 habito,

300 4038 338 4107 et
356 4030 515 4107 thronus
534 4051 639 4104 meus
658 4025 696 4101 in
715 4025 889 4102 columna
906 4022 1028 4099 nubis:
1048 4046 1171 4099 nonne
1191 4021 1291 4099 enim
1309 4021 1349 4098 in
1367 4044 1423 4096 re·

342 4293 388 4374 (1)
410 4290 553 4370 Leggcrei
576 4290 703 4367 meglio:
723 4291 826 4366 semes.

1245 4386 1264 4443 2
