3442 5108
914 310 1092 370 -318—

428 489 610 565 singulorum
632 488 793 564 quemlibet
819 507 882 550 esse
903 490 1027 564 finitum,
1050 491 1091 551 sic
1112 493 1290 553 credendum
1312 496 1483 573 colligemus
1499 498 1559 559 uni·

432 627 551 669 versum
566 627 629 670 esse
644 628 700 669 non
714 608 899 684 immensum,
910 612 988 673 sicut
1001 630 1038 672 ex
1050 630 1085 672 eo
1101 614 1177 690 quod
1193 616 1347 675 hominum
1367 615 1475 694 singuli
1492 636 1557 678 mo-

431 722 551 783 riuntur
564 727 594 783 et
615 728 786 798 nascuntur,
800 725 842 785 sic
857 731 887 786 et
906 726 1066 786 humanam
1086 729 1214 806 speciem
1234 734 1370 790 exortam
1385 749 1449 790 esse
1463 736 1554 809 atque

430 849 624 911 interituram:
638 851 816 927 quodetiam
831 852 990 912 secundnm
1005 852 1198 931 peripatetica
1219 852 1363 932 principia
1385 859 1430 914 est
1445 856 1555 914 absur-

427 975 587 1051 dissimum3
601 975 648 1036 cui
674 975 858 1055 suppositum
872 981 918 1036 est
932 981 965 1036 ut
979 977 1033 1036 hoc
1048 980 1134 1054 pacto
1149 976 1186 1035 ab
1200 974 1352 1035 individuo
1373 975 1410 1034 ad
1424 973 1553 1053 speciem

426 1101 659 1178 argumentando
672 1101 814 1163 deducere
830 1120 887 1161 non
902 1102 998 1161 liceat.
1014 1099 1183 1161 Aristotelis
1197 1099 1328 1178 protecto
1343 1099 1474 1160 rationes
1488 1118 1556 1186 om-

426 1237 476 1281 nes
492 1225 572 1280 utut
591 1223 691 1284 valere
706 1224 787 1300 (cum
808 1228 906 1283 tamen
922 1222 993 1282 nihil
1010 1221 1142 1299 valeant)
1156 1220 1233 1299 apud
1247 1220 1374 1297 aliquem
1389 1217 1552 1280 hebetioris

425 1342 528 1420 capitis
541 1346 572 1402 et
586 1345 746 1405 obtusioris
761 1345 879 1425 ingenii,
893 1363 981 1422 quam
998 1350 1030 1405 ut
1044 1346 1135 1404 robur
1150 1349 1267 1405 nostrae
1295 1344 1444 1404 doctrinae
1465 1346 1556 1420 queat

425 1459 553 1536 intueri,
575 1469 697 1539 possunt
720 1469 838 1525 tantum
859 1469 993 1541 respectu
1014 1462 1245 1535 individuorum,
1272 1461 1556 1540 particulariumque

425 1585 598 1644 mundorum
619 1585 802 1659 concludere,
814 1587 862 1645 ubi
871 1587 907 1646 de
922 1586 1029 1645 mundo
1038 1584 1211 1663 simpliciter
1223 1587 1254 1644 et
1272 1586 1408 1644 universo
1421 1584 1554 1660 quaestio

425 1678 606 1788 estsomnia
629 1704 736 1782 quippe
757 1708 934 1781 argumenta
955 1720 1029 1778 quae
1050 1708 1117 1762 sunt
1138 1720 1175 1761 ex
1197 1705 1294 1776 motu,
1320 1719 1357 1762 ex
1380 1701 1555 1761 differentiis

425 1842 544 1885 sursum
565 1831 596 1886 et
616 1826 770 1899 deorsum,
797 1826 900 1887 extimi
921 1832 952 1886 et
972 1826 1084 1899 intimi,
1107 1825 1199 1886 centri
1222 1829 1252 1884 et
1277 1821 1553 1893 circumferentiae,

425 1942 550 2003 actionis
571 1950 602 2004 et
615 1945 769 2022 passionis,
784 1944 871 2004 calidi
885 1950 916 2005 et
929 1944 1039 2022 frigidi,
1061 1945 1121 2004 rari
1136 1950 1166 2004 et
1178 1944 1271 2017 densi,
1295 1943 1396 2019 gravis
1416 1946 1447 2002 et
1468 1940 1554 2014 levis,

423 2069 492 2125 sunt
506 2067 655 2144 passiones
668 2067 763 2140 finiti,
780 2084 832 2125 nec
853 2067 979 2143 probant
993 2065 1043 2126 sed
1059 2071 1226 2143 supponunt
1249 2066 1375 2137 finitum,
1391 2067 1497 2141 petunt
1517 2064 1555 2123 n-

423 2185 527 2259 nitum,
542 2186 690 2265 accipiunt
711 2186 1027 2247 finitumUnirersam
1042 2187 1134 2263 igitur
1154 2186 1325 2247 Aristotelis
1347 2185 1553 2255 subtilitatem,

422 2306 607 2380 tenuitatem,
627 2308 859 2386 inanitatemque
880 2308 1144 2386 contemplantibus
1163 2307 1325 2386 apparebit,
1343 2305 1445 2384 (etiam
1462 2303 1553 2364 nullis

421 2445 440 2487 a
454 2429 673 2489 contradicente
687 2430 826 2492 adductis
844 2430 1031 2508 rationibus),
1043 2449 1096 2507 pro
1111 2448 1199 2506 quam
1216 2430 1331 2506 perdita
1346 2448 1435 2489 causa
1452 2445 1553 2487 susce·

422 2552 501 2630 perit
519 2555 722 2632 patrocinium.

466 2673 496 2732 Si
512 2691 530 2732 a
543 2673 691 2735 infinitum
708 2676 878 2736 universum
891 2677 1047 2754 profitente
1062 2681 1232 2753 quaeratur,
1243 2675 1293 2734 ubi
1305 2679 1351 2736 est
1367 2675 1553 2734 universuml

424 2795 458 2854 In
472 2794 588 2854 infinito
606 2797 706 2873 spacio
723 2797 913 2874 respondebo,
930 2797 987 2855 Ubi
1003 2801 1048 2856 cst
1062 2795 1207 2855 infinitum
1222 2795 1368 2872 spacium?
1383 2793 1551 2870 Nusquam,

425 2913 525 2972 ubisit
536 2915 690 2976 terminus:
707 2917 815 2994 ubique
830 2917 892 2976 sine
907 2916 1043 2990 termino;
1058 2934 1150 2993 neque
1161 2921 1206 2977 est
1220 2916 1296 2993 quod
1310 2918 1384 2976 tanti
1399 2917 1489 2993 spacii
1505 2916 1552 2995 (ll

424 3034 583 3093 terminum
606 3054 732 3110 quaeras
747 3039 998 3116 complectentem,
1020 3041 1068 3100 vel
1089 3040 1168 3100 aliud
1190 3040 1321 3117 spacium
1342 3040 1371 3099 in
1395 3059 1451 3116 quo
1465 3040 1552 3099 collo·

425 3155 509 3211 cetur
523 3158 583 3213 eta
598 3173 654 3231 quo
677 3156 846 3234 recipiatur.
868 3156 927 3216 Ubi
949 3175 1021 3216 rero
1042 3162 1074 3217 tu
1095 3159 1285 3219 terminatum
1301 3159 1411 3219 dixeris
1427 3160 1549 3217 univer·

425 3295 501 3352 sum,
516 3297 609 3353 neque
630 3279 707 3338 nosti
729 3281 860 3358 spacium
880 3301 898 3342 a
918 3301 1041 3361 corpore
1066 3283 1257 3362 distinguere,
1283 3303 1375 3360 neque
1390 3285 1487 3343 locum
1499 3303 1550 3342 scu

424 3393 615 3455 intervallum
638 3397 778 3474 intelligis
801 3401 877 3476 quod
900 3407 1042 3478 occupet;
1064 3421 1157 3479 neque
1179 3404 1255 3479 quod
1277 3403 1481 3482 inoccupatum
1504 3407 1550 3484 (2)

425 3519 512 3575 extra
527 3515 608 3575 illius
628 3518 887 3579 convexitudinem
909 3520 1126 3598 praedicemus3
1149 3523 1217 3598 quid
1244 3525 1401 3599 respondes
1424 3524 1551 3583 interro-

426 3633 517 3710 ganti:
533 3635 582 3693 ubi
597 3639 642 3695 est
658 3635 850 3698 universum?
864 3640 899 3700 In
914 3644 1017 3721 seipso.
1032 3645 1088 3706 Ubi
1106 3651 1151 3705 est
1163 3646 1271 3723 ipsum‘t
1287 3647 1319 3704 ln
1335 3646 1396 3707 suis
1406 3648 1549 3725 partibus.

426 3753 484 3814 Ubi
496 3762 566 3817 sunt
576 3775 646 3819 suae
659 3762 777 3837 partesl
792 3762 824 3819 ln
840 3769 912 3823 toto.
925 3764 982 3824 Ubi
1004 3772 1050 3825 est
1072 3773 1166 3827 totum
1181 3769 1193 3826 l
1215 3769 1247 3826 ln
1269 3768 1329 3828 suis
1352 3771 1484 3846 partibus
1499 3773 1551 3828 ito·

426 3894 501 3950 rum,
517 3879 545 3938 in
561 3880 667 3958 seipso,
683 3883 771 3943 immo
785 3885 874 3944 etiam
891 3908 1043 3966 nusquam.
1060 3891 1181 3958 Quare?
1196 3895 1265 3970 quia
1279 3900 1365 3953 extra
1380 3895 1550 3954 universum

427 4016 483 4056 non
498 4004 544 4059 cst
555 4000 645 4071 locus,
660 4019 754 4079 neque
766 4006 907 4082 spacium,
922 4027 1017 4087 neque
1036 4030 1171 4084 vacuum,
1186 4031 1280 4090 neque
1301 4032 1417 4091 corpus.
1436 4015 1498 4074 Hoc
1512 4016 1552 4073 ul·

427 4118 529 4177 timum
546 4118 623 4194 quod
636 4138 712 4179 nunc
727 4120 840 4197 dixisti,
856 4129 994 4188 ostendas
1010 4130 1107 4204 velim,
1123 4135 1154 4191 et
1168 4131 1320 4192 videamus
1335 4139 1402 4192 uter
1418 4141 1550 4193 nostrum

454 4323 485 4375 (l)
495 4321 513 4364 ll
522 4329 580 4367 testo
589 4323 625 4366 ba:
639 4328 723 4379 specte.

455 4425 485 4478 (ἲ)
496 4423 511 4465 ll
520 4429 577 4467 testo
587 4423 623 4467 bn·
635 4424 661 4466 in
669 4431 814 4480 occrepolum.
