3442 5108
766 303 941 363 -loo-

295 489 515 566 alteratione
530 490 697 582 lluctuat,
713 515 826 589 quam
845 490 977 592 globus
993 491 1214 567 universalis
1232 492 1346 568 uariis
1369 493 1419 567 la-

294 615 406 690 tionis
434 613 650 690 differentiis
678 614 852 715 agitetur.
880 614 985 691 Licet
1008 615 1106 690 enim
1134 616 1172 691 in
1193 616 1417 717 quibusdam

295 734 476 833 quaedam
496 732 735 809 alterationes
762 733 918 822 lateant,
930 760 1025 835 quae
1045 734 1082 809 in
1103 736 1184 811 aliis
1204 736 1414 811 evidentius

295 892 375 942 sese
395 872 582 969 promunt,
603 890 677 941 non
697 870 821 941 tamen
837 866 1062 942 indealiessc
1082 866 1351 967 intelliguntur3
1379 867 1419 941 li-

294 997 354 1068 cet
372 992 484 1068 otiam
508 991 711 1066 secundum
731 991 909 1092 quasdam
929 992 1070 1092 species
1095 991 1236 1067 intendi
1254 991 1418 1066 remitti-

235 1171 238 1174 <
294 1143 375 1220 que,
390 1117 551 1219 incipere
566 1122 603 1191 et
622 1116 789 1191 desinere
805 1116 1014 1211 videantur,
1035 1117 1073 1192 in
1102 1115 1333 1193 alterationis
1365 1123 1419 1192 ta·

293 1267 379 1319 men
393 1266 542 1343 genere,
558 1265 633 1317 non
662 1241 786 1316 minus
806 1241 1040 1316 continenter
1055 1266 1164 1317 suum
1183 1264 1336 1318 eorsum
1360 1266 1420 1341 pc·

293 1372 443 1471 ragunt,
454 1392 565 1468 quam
581 1366 716 1443 coelum
732 1366 791 1442 vel
806 1366 904 1466 globi
921 1366 1101 1452 coelestes,
1122 1368 1160 1443 iu
1180 1367 1313 1467 quibus
1337 1368 1419 1442 Ari-

183 1520 186 1526 ’
292 1496 414 1572 stoteli
435 1501 558 1570 motus
577 1494 638 1571 ille
654 1495 853 1571 continuus
881 1495 1103 1597 regulariter
1122 1497 1319 1599 reperitur,
1339 1522 1421 1599 per-

293 1627 526 1723 severatquo.
542 1622 584 1696 ln
604 1622 760 1697 caeteris
780 1621 889 1714 cirini,
909 1622 995 1698 licet
1016 1625 1225 1715 continuus,
1240 1623 1419 1723 irregula-

293 1750 344 1825 ris
362 1754 501 1842 tamen,
512 1747 773 1849 trepidansque
784 1750 821 1823 et
832 1747 989 1848 quodam
1002 1749 1110 1823 modo
1130 1772 1205 1824 nou
1222 1747 1417 1824 continuus

294 1879 561 1976 consequenter
576 1875 735 1949 habetur
765 1878 898 1966 mutue,
909 1875 994 1974 quia
1010 1875 1106 1974 quod
1122 1878 1298 1976 augetur,
1316 1873 1417 1950 cale-

293 2003 347 2093 fit,
359 2000 555 2086 decrescit,
575 2000 695 2089 discit,
707 2004 874 2090 eto.,uon
886 1999 936 2073 ita
947 1999 1175 2099 temporibus
1186 1998 1417 2100 aequalibus,

294 2130 484 2230 aequalem
512 2129 819 2230 magnitiuliuem,
848 2127 1020 2212 calorem,
1050 2154 1262 2205 mensuram
1282 2134 1319 2204 ct
1348 2128 1418 2204 do·

294 2259 452 2333 ctrinam
481 2258 631 2358 rccipit;
661 2258 757 2334 sicut
794 2284 888 2358 quae
926 2259 963 2333 in
996 2259 1176 2336 circulum
1205 2262 1417 2347 moventur,

294 2385 465 2483 aequales
494 2383 707 2483 aequalibus
736 2384 963 2484 temporibus
983 2410 1093 2461 arcus
1122 2386 1159 2460 in
1188 2411 1255 2460 suo
1275 2384 1417 2459 circulo

294 2511 519 2586 descrilumt.
549 2510 620 2586 Sed
649 2534 696 2584 au
724 2508 810 2584 talis
840 2509 1005 2610 aequalis
1029 2534 1185 2586 arcuum
1206 2509 1415 2611 descriptio,

294 2666 341 2715 au
370 2641 618 2741 geometricus
647 2641 717 2715 iste
745 2638 919 2731 circuluS,
940 2664 1005 2714 seu
1026 2639 1251 2739 geometrice
1265 2637 1418 2737 regula-

293 2768 344 2844 ris
372 2768 460 2844 latio
477 2769 697 2870 reperiatur,
719 2767 948 2868 superfluum
964 2772 1021 2845 est
1040 2769 1198 2870 airrplius
1216 2768 1418 2869 amagera

293 2895 481 2972 nudtoties
519 2897 618 2972 enim
645 2896 890 2988 attendimus,
920 2921 995 2972 non
1024 2894 1328 2972 mathematicam
1356 2893 1420 2968 sed

293 3022 496 3123 physicam
506 3024 787 3124 regularitatem
815 3025 1054 3123 spectandum
1075 3025 1113 3101 in
1134 3027 1244 3100 rebus
1259 3048 1351 3116 esse,
1372 3023 1418 3099 ad

294 3173 405 3247 quam
434 3150 713 3250 regularitatem
741 3177 814 3227 uon
844 3153 963 3253 inagis
1000 3153 1139 3230 referre
1167 3153 1254 3230 licet
1283 3177 1419 3244 uuaru,

294 3301 406 3376 quma
435 3283 600 3353 caeteras
626 3279 816 3353 universas
845 3281 1019 3358 motionis
1049 3283 1216 3384 specieS,
1247 3307 1340 3383 quae
1368 3281 1421 3355 ita

294 3418 424 3481 mutuo
445 3434 483 3482 se
512 3408 822 3492 accomodantur,
853 3414 894 3484 ut
914 3416 1043 3485 uuituo
1073 3410 1229 3486 invicem
1261 3434 1419 3483 ‹tencau-

298 3536 607 3613 mmmmmmu

736 3685 856 3738 aurio.
877 3684 1005 3737 xnrru.

348 3911 416 3987 Est
443 3934 532 3984 sane
547 3909 688 4011 primus
707 3915 841 4003 motor,
862 3910 968 3987 idest
987 3906 1220 4011 praecipuae,
1251 3933 1420 4010 unusque

297 4037 537 4129 universalis,
567 4066 589 4111 a
627 4062 719 4138 pio,
757 4043 794 4113 et
821 4062 887 4139 per
915 4060 1025 4138 quem
1052 4036 1176 4111 omnia
1203 4041 1418 4127 morentur,

295 4167 485 4263 reget-aut,
513 4163 665 4238 vivunt:
695 4163 733 4239 in
752 4164 880 4239 ordine
899 4167 1024 4239 autem
1051 4161 1310 4238 aethereorum
1340 4188 1421 4239 cor·

211 4314 216 4325 ·
296 4315 429 4395 porum
455 4290 579 4369 nullus
606 4293 727 4367 motor
754 4291 879 4393 aliqua
900 4292 1045 4368 ratione
1060 4291 1201 4394 primus
1217 4291 1418 4368 invenitur.
